src_ip,dst_ip,src_port,dst_port,bidirectional_first_seen_ms,bidirectional_last_seen_ms,bidirectional_bytes,target_traffic,size_traffic
172.16.40.180,172.16.40.1,51954,161,1651680236239,1651680236283,3038,1,44874052
172.16.40.180,172.16.40.1,51954,161,1651680236283,1651680236364,686,1,44874052
172.16.40.180,172.16.40.6,51954,161,1651680236279,1651680236365,2175,0,9667864
172.16.40.180,172.16.40.1,51954,161,1651680236364,1651680236367,690,1,44874052
172.16.40.180,172.16.40.2,51954,161,1651680236239,1651680236420,3310,0,41211180
172.16.40.180,172.16.40.239,51954,161,1651680236118,1651680236472,1351,0,4675080
172.16.40.180,172.16.40.78,51954,161,1651680236264,1651680236535,2166,0,13150019
172.16.40.180,172.16.40.84,51954,161,1651680236420,1651680236568,1497,0,10458894
172.16.40.180,172.16.40.245,51954,161,1651680236395,1651680236668,1386,0,10782398
172.16.40.1,172.16.40.180,161,51954,1651680236367,1651680236725,1609,1,44875729
172.16.40.2,172.16.40.180,161,51954,1651680236423,1651680236739,1094,0,44873554
172.16.40.239,172.16.40.180,161,51954,1651680236472,1651680236841,637,0,5689571
172.16.40.2,172.16.40.180,161,51954,1651680236739,1651680236843,648,0,44873554
172.16.40.239,172.16.40.180,161,51954,1651680236841,1651680236844,637,0,5689571
172.16.40.180,172.16.40.28,51954,161,1651680236840,1651680236870,633,0,7355715
172.16.40.180,172.16.40.45,51954,161,1651680236842,1651680236982,686,0,13394578
172.16.40.180,172.16.40.53,51954,161,1651680236420,1651680237121,2106,0,16497072
172.16.40.180,172.16.40.49,51954,161,1651680236470,1651680237128,999,0,6413810
172.16.40.180,172.16.40.96,51954,161,1651680237127,1651680237243,1363,0,7153504
172.16.40.180,172.16.40.1,51954,161,1651680236921,1651680237247,3194,1,44874052
172.16.40.96,172.16.40.180,161,51954,1651680237243,1651680237257,699,0,6532321
172.16.40.96,172.16.40.180,161,51954,1651680237257,1651680237261,668,0,6532321
172.16.40.180,172.16.40.2,51954,161,1651680236843,1651680237263,1446,0,41211180
172.16.40.180,172.16.40.96,51954,161,1651680237261,1651680237265,665,0,7153504
172.16.40.96,172.16.40.180,161,51954,1651680237266,1651680237279,667,0,6532321
172.16.40.180,172.16.40.96,51954,161,1651680237279,1651680237285,674,0,7153504
172.16.40.180,172.16.40.96,51954,161,1651680237285,1651680237289,658,0,7153504
172.16.40.96,172.16.40.180,161,51954,1651680237290,1651680237294,667,0,6532321
172.16.40.180,172.16.40.96,51954,161,1651680237294,1651680237301,674,0,7153504
172.16.40.96,172.16.40.180,161,51954,1651680237302,1651680237307,662,0,6532321
172.16.40.96,172.16.40.180,161,51954,1651680237308,1651680237314,641,0,6532321
172.16.40.180,172.16.40.96,51954,161,1651680237314,1651680237325,639,0,7153504
172.16.40.96,172.16.40.180,161,51954,1651680237327,1651680237332,644,0,6532321
172.16.40.180,172.16.40.96,51954,161,1651680237332,1651680237338,644,0,7153504
172.16.40.96,172.16.40.180,161,51954,1651680237340,1651680237345,647,0,6532321
172.16.40.180,172.16.40.96,51954,161,1651680237345,1651680237351,645,0,7153504
172.16.40.96,172.16.40.180,161,51954,1651680237352,1651680237365,644,0,6532321
172.16.40.180,172.16.40.96,51954,161,1651680237365,1651680237371,642,0,7153504
172.16.40.96,172.16.40.180,161,51954,1651680237372,1651680237381,641,0,6532321
172.16.40.180,172.16.40.96,51954,161,1651680237381,1651680237390,656,0,7153504
172.16.40.96,172.16.40.180,161,51954,1651680237392,1651680237406,647,0,6532321
172.16.40.180,172.16.40.96,51954,161,1651680237406,1651680237415,648,0,7153504
172.16.40.180,172.16.40.14,51954,161,1651680237278,1651680237422,1003,0,5568709
172.16.40.245,172.16.40.180,161,51954,1651680236668,1651680237439,2153,0,10282354
172.16.40.96,172.16.40.180,161,51954,1651680237416,1651680237441,647,0,6532321
172.16.40.180,172.16.40.96,51954,161,1651680237441,1651680237449,646,0,7153504
172.16.40.96,172.16.40.180,161,51954,1651680237452,1651680237459,646,0,6532321
172.16.40.180,172.16.40.96,51954,161,1651680237460,1651680237465,661,0,7153504
172.16.40.96,172.16.40.180,161,51954,1651680237467,1651680237474,646,0,6532321
172.16.40.180,172.16.40.1,51954,161,1651680237278,1651680237487,1097,1,44874052
172.16.40.180,172.16.40.2,51954,161,1651680237273,1651680237489,3029,0,41211180
172.16.40.180,172.16.40.96,51954,161,1651680237474,1651680237492,650,0,7153504
172.16.40.96,172.16.40.180,161,51954,1651680237493,1651680237498,644,0,6532321
172.16.40.180,172.16.40.96,51954,161,1651680237499,1651680237504,644,0,7153504
172.16.40.96,172.16.40.180,161,51954,1651680237505,1651680237512,644,0,6532321
172.16.40.180,172.16.40.96,51954,161,1651680237512,1651680237525,660,0,7153504
172.16.40.96,172.16.40.180,161,51954,1651680237527,1651680237532,646,0,6532321
172.16.40.180,172.16.40.2,51954,161,1651680237490,1651680237537,667,0,41211180
172.16.40.180,172.16.40.96,51954,161,1651680237532,1651680237538,651,0,7153504
172.16.40.96,172.16.40.180,161,51954,1651680237540,1651680237545,644,0,6532321
172.16.40.180,172.16.40.96,51954,161,1651680237545,1651680237551,644,0,7153504
172.16.40.96,172.16.40.180,161,51954,1651680237559,1651680237564,644,0,6532321
172.16.40.180,172.16.40.77,51954,161,1651680236422,1651680237567,1386,0,26691042
172.16.40.180,172.16.40.96,51954,161,1651680237565,1651680237570,646,0,7153504
172.16.40.96,172.16.40.180,161,51954,1651680237572,1651680237577,671,0,6532321
172.16.40.180,172.16.40.96,51954,161,1651680237577,1651680237583,652,0,7153504
172.16.40.96,172.16.40.180,161,51954,1651680237585,1651680237590,653,0,6532321
172.16.40.180,172.16.40.96,51954,161,1651680237590,1651680237603,647,0,7153504
172.16.40.96,172.16.40.180,161,51954,1651680237604,1651680237609,653,0,6532321
172.16.40.180,172.16.40.96,51954,161,1651680237610,1651680237615,645,0,7153504
172.16.40.96,172.16.40.180,161,51954,1651680237616,1651680237621,669,0,6532321
172.16.40.180,172.16.40.96,51954,161,1651680237622,1651680237627,655,0,7153504
172.16.40.96,172.16.40.180,161,51954,1651680237629,1651680237640,649,0,6532321
172.16.40.180,172.16.40.96,51954,161,1651680237640,1651680237648,646,0,7153504
172.16.40.96,172.16.40.180,161,51954,1651680237649,1651680237657,647,0,6532321
172.16.40.180,172.16.40.96,51954,161,1651680237657,1651680237662,646,0,7153504
172.16.40.96,172.16.40.180,161,51954,1651680237664,1651680237670,667,0,6532321
172.16.40.180,172.16.40.96,51954,161,1651680237670,1651680237681,656,0,7153504
172.16.40.96,172.16.40.180,161,51954,1651680237683,1651680237689,649,0,6532321
172.16.40.180,172.16.40.96,51954,161,1651680237689,1651680237694,646,0,7153504
172.16.40.180,172.16.40.68,51954,161,1651680236681,1651680237699,650,0,6483839
172.16.40.96,172.16.40.180,161,51954,1651680237696,1651680237701,648,0,6532321
172.16.40.180,172.16.40.96,51954,161,1651680237701,1651680237707,646,0,7153504
172.16.40.96,172.16.40.180,161,51954,1651680237708,1651680237720,666,0,6532321
172.16.40.180,172.16.40.96,51954,161,1651680237720,1651680237731,651,0,7153504
172.16.40.96,172.16.40.180,161,51954,1651680237733,1651680237738,654,0,6532321
172.16.40.180,172.16.40.96,51954,161,1651680237738,1651680237743,646,0,7153504
172.16.40.96,172.16.40.180,161,51954,1651680237744,1651680237750,648,0,6532321
172.16.40.180,172.16.40.96,51954,161,1651680237750,1651680237762,646,0,7153504
172.16.40.96,172.16.40.180,161,51954,1651680237763,1651680237769,647,0,6532321
172.16.40.180,172.16.40.96,51954,161,1651680237769,1651680237774,667,0,7153504
172.16.40.96,172.16.40.180,161,51954,1651680237776,1651680237781,656,0,6532321
172.16.40.180,172.16.40.96,51954,161,1651680237781,1651680237787,648,0,7153504
172.16.40.96,172.16.40.180,161,51954,1651680237788,1651680237800,647,0,6532321
172.16.40.180,172.16.40.96,51954,161,1651680237800,1651680237810,646,0,7153504
172.16.40.96,172.16.40.180,161,51954,1651680237812,1651680237817,646,0,6532321
172.16.40.180,172.16.40.96,51954,161,1651680237817,1651680237824,667,0,7153504
172.16.40.96,172.16.40.180,161,51954,1651680237825,1651680237841,657,0,6532321
172.16.40.180,172.16.40.29,51954,161,1651680236537,1651680237843,1387,0,9049349
172.16.40.180,172.16.40.2,51954,161,1651680237537,1651680237844,653,0,41211180
172.16.40.180,172.16.40.99,51954,161,1651680237537,1651680237846,665,0,10002396
172.16.40.180,172.16.40.2,51954,161,1651680237844,1651680237848,671,0,41211180
172.16.40.180,172.16.40.96,51954,161,1651680237845,1651680237849,648,0,7153504
172.16.40.96,172.16.40.180,161,51954,1651680237851,1651680237857,647,0,6532321
172.16.40.180,172.16.40.96,51954,161,1651680237857,1651680237862,647,0,7153504
172.16.40.180,172.16.40.31,51364,22,1651680237753,1651680237862,428,0,964
172.16.40.180,172.16.40.127,51954,161,1651680236122,1651680237870,1449,0,14222382
172.16.40.96,172.16.40.180,161,51954,1651680237863,1651680237870,646,0,6532321
172.16.40.180,172.16.40.96,51954,161,1651680237871,1651680237883,666,0,7153504
172.16.40.96,172.16.40.180,161,51954,1651680237884,1651680237889,657,0,6532321
172.16.40.180,172.16.40.96,51954,161,1651680237890,1651680237895,648,0,7153504
172.16.40.96,172.16.40.180,161,51954,1651680237896,1651680237902,647,0,6532321
172.16.40.180,172.16.40.96,51954,161,1651680237902,1651680237908,647,0,7153504
172.16.40.96,172.16.40.180,161,51954,1651680237909,1651680237922,647,0,6532321
172.16.40.180,172.16.40.96,51954,161,1651680237922,1651680237927,646,0,7153504
172.16.40.96,172.16.40.180,161,51954,1651680237928,1651680237933,671,0,6532321
172.16.40.180,172.16.40.96,51954,161,1651680237934,1651680237940,652,0,7153504
172.16.40.96,172.16.40.180,161,51954,1651680237942,1651680237947,648,0,6532321
172.16.40.180,172.16.40.96,51954,161,1651680237948,1651680237953,647,0,7153504
172.16.40.53,172.16.40.180,161,51954,1651680237125,1651680237964,666,0,16331871
172.16.40.96,172.16.40.180,161,51954,1651680237960,1651680237965,647,0,6532321
172.16.40.180,172.16.40.96,51954,161,1651680237966,1651680237971,645,0,7153504
172.16.40.96,172.16.40.180,161,51954,1651680237973,1651680237979,669,0,6532321
172.16.40.180,172.16.40.96,51954,161,1651680237979,1651680237986,655,0,7153504
172.16.40.96,172.16.40.180,161,51954,1651680237987,1651680238000,649,0,6532321
172.16.40.180,172.16.40.96,51954,161,1651680238000,1651680238005,646,0,7153504
172.16.40.96,172.16.40.180,161,51954,1651680238007,1651680238012,647,0,6532321
172.16.40.180,172.16.40.96,51954,161,1651680238012,1651680238018,646,0,7153504
172.16.40.96,172.16.40.180,161,51954,1651680238020,1651680238026,668,0,6532321
172.16.40.2,172.16.40.180,161,51954,1651680237848,1651680238032,647,0,44873554
172.16.40.180,172.16.40.96,51954,161,1651680238026,1651680238032,656,0,7153504
172.16.40.96,172.16.40.180,161,51954,1651680238033,1651680238045,649,0,6532321
172.16.40.180,172.16.40.96,51954,161,1651680238045,1651680238051,646,0,7153504
172.16.40.96,172.16.40.180,161,51954,1651680238053,1651680238059,648,0,6532321
172.16.40.180,172.16.40.96,51954,161,1651680238059,1651680238064,646,0,7153504
172.16.40.96,172.16.40.180,161,51954,1651680238065,1651680238071,667,0,6532321
172.16.40.180,172.16.40.96,51954,161,1651680238071,1651680238084,651,0,7153504
172.16.40.96,172.16.40.180,161,51954,1651680238086,1651680238091,654,0,6532321
172.16.40.180,172.16.40.96,51954,161,1651680238091,1651680238097,646,0,7153504
172.16.40.96,172.16.40.180,161,51954,1651680238098,1651680238103,648,0,6532321
172.16.40.180,172.16.40.96,51954,161,1651680238103,1651680238109,646,0,7153504
172.16.40.96,172.16.40.180,161,51954,1651680238110,1651680238122,647,0,6532321
172.16.40.180,172.16.40.36,51954,161,1651680236470,1651680238125,999,0,10033217
172.16.40.180,172.16.40.96,51954,161,1651680238125,1651680238132,668,0,7153504
172.16.40.96,172.16.40.180,161,51954,1651680238134,1651680238139,656,0,6532321
172.16.40.180,172.16.40.1,51954,161,1651680237489,1651680238142,2024,1,44874052
172.16.40.180,172.16.40.96,51954,161,1651680238139,1651680238144,648,0,7153504
172.16.40.96,172.16.40.180,161,51954,1651680238145,1651680238151,647,0,6532321
172.16.40.180,172.16.40.96,51954,161,1651680238152,1651680238165,646,0,7153504
172.16.40.96,172.16.40.180,161,51954,1651680238167,1651680238173,646,0,6532321
172.16.40.180,172.16.40.96,51954,161,1651680238173,1651680238179,668,0,7153504
172.16.40.96,172.16.40.180,161,51954,1651680238180,1651680238186,657,0,6532321
172.16.40.180,172.16.40.96,51954,161,1651680238186,1651680238192,648,0,7153504
172.16.40.96,172.16.40.180,161,51954,1651680238194,1651680238205,647,0,6532321
172.16.40.180,172.16.40.96,51954,161,1651680238205,1651680238210,647,0,7153504
172.16.40.96,172.16.40.180,161,51954,1651680238212,1651680238218,646,0,6532321
172.16.40.36,172.16.40.180,161,51954,1651680238151,1651680238224,1046,0,9949602
172.16.40.180,172.16.40.96,51954,161,1651680238218,1651680238224,667,0,7153504
172.16.40.96,172.16.40.180,161,51954,1651680238226,1651680238232,657,0,6532321
172.16.40.180,172.16.40.233,51954,161,1651680236535,1651680238240,1031,0,4480824
172.16.40.180,172.16.40.96,51954,161,1651680238232,1651680238251,648,0,7153504
172.16.40.96,172.16.40.180,161,51954,1651680238253,1651680238260,647,0,6532321
172.16.40.49,172.16.40.180,161,51954,1651680237134,1651680238261,1017,0,6058842
172.16.40.180,172.16.40.96,51954,161,1651680238260,1651680238266,647,0,7153504
172.16.40.180,172.16.40.49,51954,161,1651680238261,1651680238267,708,0,6413810
172.16.40.180,172.16.40.49,51954,161,1651680238267,1651680238273,671,0,6413810
172.16.40.96,172.16.40.180,161,51954,1651680238267,1651680238281,647,0,6532321
172.16.40.49,172.16.40.180,161,51954,1651680238273,1651680238283,662,0,6058842
172.16.40.180,172.16.40.96,51954,161,1651680238281,1651680238287,646,0,7153504
172.16.40.53,172.16.40.180,161,51954,1651680237964,1651680238288,2236,0,16331871
172.16.40.180,172.16.40.49,51954,161,1651680238283,1651680238289,666,0,6413810
172.16.40.96,172.16.40.180,161,51954,1651680238288,1651680238294,672,0,6532321
172.16.40.49,172.16.40.180,161,51954,1651680238290,1651680238300,675,0,6058842
172.16.40.180,172.16.40.96,51954,161,1651680238294,1651680238300,652,0,7153504
172.16.40.96,172.16.40.180,161,51954,1651680238302,1651680238310,648,0,6532321
172.16.40.49,172.16.40.180,161,51954,1651680238301,1651680238311,659,0,6058842
172.16.40.180,172.16.40.49,51954,161,1651680238312,1651680238321,661,0,6413810
172.16.40.180,172.16.40.45,51954,161,1651680236982,1651680238322,1562,0,13394578
172.16.40.180,172.16.40.96,51954,161,1651680238310,1651680238327,647,0,7153504
172.16.40.49,172.16.40.180,161,51954,1651680238325,1651680238332,674,0,6058842
172.16.40.96,172.16.40.180,161,51954,1651680238329,1651680238334,647,0,6532321
172.16.40.180,172.16.40.96,51954,161,1651680238334,1651680238339,645,0,7153504
172.16.40.180,172.16.40.49,51954,161,1651680238332,1651680238344,663,0,6413810
172.16.40.96,172.16.40.180,161,51954,1651680238341,1651680238346,670,0,6532321
172.16.40.180,172.16.40.96,51954,161,1651680238347,1651680238352,655,0,7153504
172.16.40.180,172.16.40.49,51954,161,1651680238344,1651680238353,640,0,6413810
172.16.40.96,172.16.40.180,161,51954,1651680238361,1651680238367,649,0,6532321
172.16.40.49,172.16.40.180,161,51954,1651680238355,1651680238375,639,0,6058842
172.16.40.180,172.16.40.96,51954,161,1651680238367,1651680238377,646,0,7153504
172.16.40.180,172.16.40.49,51954,161,1651680238375,1651680238385,644,0,6413810
172.16.40.96,172.16.40.180,161,51954,1651680238381,1651680238386,647,0,6532321
172.16.40.180,172.16.40.96,51954,161,1651680238386,1651680238392,646,0,7153504
172.16.40.49,172.16.40.180,161,51954,1651680238389,1651680238397,650,0,6058842
172.16.40.180,172.16.40.103,51954,161,1651680236739,1651680238401,1376,0,6412720
172.16.40.96,172.16.40.180,161,51954,1651680238393,1651680238405,668,0,6532321
172.16.40.180,172.16.40.49,51954,161,1651680238397,1651680238406,641,0,6413810
172.16.40.180,172.16.40.115,51954,161,1651680236919,1651680238409,619,0,5513951
172.16.40.180,172.16.40.96,51954,161,1651680238406,1651680238411,656,0,7153504
172.16.40.96,172.16.40.180,161,51954,1651680238412,1651680238418,649,0,6532321
172.16.40.49,172.16.40.180,161,51954,1651680238408,1651680238418,646,0,6058842
172.16.40.180,172.16.40.96,51954,161,1651680238418,1651680238423,646,0,7153504
172.16.40.180,172.16.40.49,51954,161,1651680238419,1651680238436,643,0,6413810
172.16.40.96,172.16.40.180,161,51954,1651680238424,1651680238444,648,0,6532321
172.16.40.103,172.16.40.180,161,51954,1651680238407,1651680238447,647,0,6358906
172.16.40.49,172.16.40.180,161,51954,1651680238439,1651680238447,643,0,6058842
172.16.40.180,172.16.40.96,51954,161,1651680238444,1651680238449,646,0,7153504
172.16.40.96,172.16.40.180,161,51954,1651680238451,1651680238456,667,0,6532321
172.16.40.180,172.16.40.49,51954,161,1651680238447,1651680238458,641,0,6413810
172.16.40.115,172.16.40.180,161,51954,1651680238416,1651680238460,640,0,5454799
172.16.40.180,172.16.40.96,51954,161,1651680238456,1651680238461,651,0,7153504
172.16.40.96,172.16.40.180,161,51954,1651680238463,1651680238468,654,0,6532321
172.16.40.180,172.16.40.23,51954,161,1651680236924,1651680238471,1031,0,8869688
172.16.40.180,172.16.40.88,51954,161,1651680236834,1651680238475,1447,0,8440856
172.16.40.6,172.16.40.180,161,51954,1651680236367,1651680238476,667,0,11042702
172.16.40.180,172.16.40.3,51954,161,1651680236250,1651680238476,1383,0,12764273
172.16.40.29,172.16.40.180,161,51954,1651680237852,1651680238476,661,0,9848599
172.16.40.180,172.16.40.103,51954,161,1651680238447,1651680238479,646,0,6412720
172.16.40.49,172.16.40.180,161,51954,1651680238460,1651680238480,666,0,6058842
172.16.40.180,172.16.40.96,51954,161,1651680238468,1651680238483,646,0,7153504
172.16.40.2,172.16.40.180,161,51954,1651680238032,1651680238486,1453,0,44873554
172.16.40.180,172.16.40.49,51954,161,1651680238480,1651680238489,652,0,6413810
172.16.40.180,172.16.40.115,51954,161,1651680238460,1651680238491,628,0,5513951
172.16.40.96,172.16.40.180,161,51954,1651680238485,1651680238491,648,0,6532321
172.16.40.180,172.16.40.96,51954,161,1651680238491,1651680238496,646,0,7153504
172.16.40.49,172.16.40.180,161,51954,1651680238492,1651680238501,648,0,6058842
172.16.40.96,172.16.40.180,161,51954,1651680238498,1651680238503,647,0,6532321
172.16.40.115,172.16.40.180,161,51954,1651680238493,1651680238503,621,0,5454799
172.16.40.103,172.16.40.180,161,51954,1651680238488,1651680238505,646,0,6358906
172.16.40.180,172.16.40.96,51954,161,1651680238503,1651680238509,668,0,7153504
172.16.40.180,172.16.40.49,51954,161,1651680238502,1651680238510,647,0,6413810
172.16.40.180,172.16.40.115,51954,161,1651680238503,1651680238513,618,0,5513951
172.16.40.49,172.16.40.180,161,51954,1651680238512,1651680238521,647,0,6058842
172.16.40.96,172.16.40.180,161,51954,1651680238510,1651680238521,656,0,6532321
172.16.40.180,172.16.40.96,51954,161,1651680238522,1651680238527,648,0,7153504
172.16.40.180,172.16.40.49,51954,161,1651680238521,1651680238530,645,0,6413810
172.16.40.180,172.16.40.103,51954,161,1651680238505,1651680238532,652,0,6412720
172.16.40.96,172.16.40.180,161,51954,1651680238528,1651680238534,647,0,6532321
172.16.40.115,172.16.40.180,161,51954,1651680238527,1651680238539,620,0,5454799
172.16.40.180,172.16.40.69,51954,161,1651680236467,1651680238541,2236,0,9620609
172.16.40.180,172.16.40.90,51954,161,1651680236724,1651680238541,1383,0,8164689
172.16.40.180,172.16.40.96,51954,161,1651680238534,1651680238541,646,0,7153504
172.16.40.180,172.16.40.77,51954,161,1651680237568,1651680238542,665,0,26691042
172.16.40.49,172.16.40.180,161,51954,1651680238532,1651680238545,664,0,6058842
172.16.40.96,172.16.40.180,161,51954,1651680238543,1651680238548,646,0,6532321
172.16.40.180,172.16.40.49,51954,161,1651680238545,1651680238553,655,0,6413810
172.16.40.180,172.16.40.96,51954,161,1651680238548,1651680238554,668,0,7153504
172.16.40.2,172.16.40.180,161,51954,1651680238487,1651680238554,666,0,44873554
172.16.40.49,172.16.40.180,161,51954,1651680238557,1651680238564,649,0,6058842
172.16.40.180,172.16.40.104,51954,161,1651680237236,1651680238567,1389,0,8313880
172.16.40.96,172.16.40.180,161,51954,1651680238562,1651680238567,657,0,6532321
172.16.40.180,172.16.40.96,51954,161,1651680238567,1651680238573,648,0,7153504
172.16.40.180,172.16.40.49,51954,161,1651680238565,1651680238574,646,0,6413810
172.16.40.180,172.16.40.115,51954,161,1651680238539,1651680238578,618,0,5513951
172.16.40.103,172.16.40.180,161,51954,1651680238539,1651680238580,652,0,6358906
172.16.40.96,172.16.40.180,161,51954,1651680238575,1651680238580,647,0,6532321
172.16.40.180,172.16.40.96,51954,161,1651680238581,1651680238586,647,0,7153504
172.16.40.49,172.16.40.180,161,51954,1651680238577,1651680238588,647,0,6058842
172.16.40.96,172.16.40.180,161,51954,1651680238587,1651680238592,646,0,6532321
172.16.40.180,172.16.40.49,51954,161,1651680238588,1651680238597,646,0,6413810
172.16.40.180,172.16.40.96,51954,161,1651680238593,1651680238604,667,0,7153504
172.16.40.49,172.16.40.180,161,51954,1651680238600,1651680238608,662,0,6058842
172.16.40.180,172.16.40.103,51954,161,1651680238580,1651680238610,647,0,6412720
172.16.40.96,172.16.40.180,161,51954,1651680238605,1651680238611,657,0,6532321
172.16.40.115,172.16.40.180,161,51954,1651680238581,1651680238613,639,0,5454799
172.16.40.180,172.16.40.96,51954,161,1651680238611,1651680238616,648,0,7153504
172.16.40.180,172.16.40.49,51954,161,1651680238608,1651680238619,656,0,6413810
172.16.40.180,172.16.40.115,51954,161,1651680238613,1651680238623,623,0,5513951
172.16.40.96,172.16.40.180,161,51954,1651680238618,1651680238623,647,0,6532321
172.16.40.180,172.16.40.96,51954,161,1651680238623,1651680238628,647,0,7153504
172.16.40.103,172.16.40.180,161,51954,1651680238615,1651680238628,647,0,6358906
172.16.40.49,172.16.40.180,161,51954,1651680238621,1651680238629,649,0,6058842
172.16.40.115,172.16.40.180,161,51954,1651680238626,1651680238635,626,0,5454799
172.16.40.180,172.16.40.49,51954,161,1651680238629,1651680238638,646,0,6413810
172.16.40.96,172.16.40.180,161,51954,1651680238630,1651680238641,647,0,6532321
172.16.40.180,172.16.40.96,51954,161,1651680238642,1651680238649,646,0,7153504
172.16.40.49,172.16.40.180,161,51954,1651680238641,1651680238650,648,0,6058842
172.16.40.180,172.16.40.103,51954,161,1651680238628,1651680238656,647,0,6412720
172.16.40.96,172.16.40.180,161,51954,1651680238651,1651680238656,672,0,6532321
172.16.40.180,172.16.40.115,51954,161,1651680238635,1651680238659,618,0,5513951
172.16.40.180,172.16.40.49,51954,161,1651680238650,1651680238661,646,0,6413810
172.16.40.180,172.16.40.96,51954,161,1651680238657,1651680238662,652,0,7153504
172.16.40.96,172.16.40.180,161,51954,1651680238663,1651680238668,652,0,6532321
172.16.40.49,172.16.40.180,161,51954,1651680238663,1651680238671,661,0,6058842
172.16.40.180,172.16.40.96,51954,161,1651680238669,1651680238674,647,0,7153504
172.16.40.115,172.16.40.180,161,51954,1651680238666,1651680238678,620,0,5454799
172.16.40.180,172.16.40.49,51954,161,1651680238671,1651680238679,651,0,6413810
172.16.40.96,172.16.40.180,161,51954,1651680238682,1651680238687,651,0,6532321
172.16.40.49,172.16.40.180,161,51954,1651680238682,1651680238691,654,0,6058842
172.16.40.180,172.16.40.96,51954,161,1651680238688,1651680238693,645,0,7153504
172.16.40.103,172.16.40.180,161,51954,1651680238666,1651680238698,646,0,6358906
172.16.40.96,172.16.40.180,161,51954,1651680238694,1651680238700,670,0,6532321
172.16.40.180,172.16.40.49,51954,161,1651680238691,1651680238703,646,0,6413810
172.16.40.180,172.16.40.96,51954,161,1651680238700,1651680238705,655,0,7153504
172.16.40.180,172.16.40.115,51954,161,1651680238679,1651680238710,618,0,5513951
172.16.40.49,172.16.40.180,161,51954,1651680238705,1651680238713,648,0,6058842
172.16.40.96,172.16.40.180,161,51954,1651680238707,1651680238719,657,0,6532321
172.16.40.180,172.16.40.49,51954,161,1651680238714,1651680238729,646,0,6413810
172.16.40.180,172.16.40.103,51954,161,1651680238698,1651680238729,659,0,6412720
172.16.40.180,172.16.40.96,51954,161,1651680238719,1651680238731,647,0,7153504
172.16.40.96,172.16.40.180,161,51954,1651680238732,1651680238738,653,0,6532321
172.16.40.115,172.16.40.180,161,51954,1651680238713,1651680238739,619,0,5454799
172.16.40.49,172.16.40.180,161,51954,1651680238732,1651680238742,647,0,6058842
172.16.40.180,172.16.40.96,51954,161,1651680238738,1651680238745,648,0,7153504
172.16.40.180,172.16.40.49,51954,161,1651680238742,1651680238751,662,0,6413810
172.16.40.96,172.16.40.180,161,51954,1651680238746,1651680238752,668,0,6532321
172.16.40.49,172.16.40.180,161,51954,1651680238753,1651680238762,656,0,6058842
172.16.40.180,172.16.40.96,51954,161,1651680238752,1651680238763,656,0,7153504
172.16.40.103,172.16.40.180,161,51954,1651680238743,1651680238767,657,0,6358906
172.16.40.96,172.16.40.180,161,51954,1651680238766,1651680238772,655,0,6532321
172.16.40.180,172.16.40.115,51954,161,1651680238740,1651680238775,640,0,5513951
172.16.40.180,172.16.40.49,51954,161,1651680238762,1651680238778,648,0,6413810
172.16.40.180,172.16.40.96,51954,161,1651680238772,1651680238779,649,0,7153504
172.16.40.96,172.16.40.180,161,51954,1651680238781,1651680238787,654,0,6532321
172.16.40.49,172.16.40.180,161,51954,1651680238780,1651680238789,647,0,6058842
172.16.40.180,172.16.40.103,51954,161,1651680238767,1651680238791,648,0,6412720
172.16.40.180,172.16.40.96,51954,161,1651680238787,1651680238793,647,0,7153504
172.16.40.180,172.16.40.49,51954,161,1651680238789,1651680238799,646,0,6413810
172.16.40.115,172.16.40.180,161,51954,1651680238778,1651680238799,628,0,5454799
172.16.40.96,172.16.40.180,161,51954,1651680238800,1651680238805,667,0,6532321
172.16.40.49,172.16.40.180,161,51954,1651680238801,1651680238809,646,0,6058842
172.16.40.180,172.16.40.96,51954,161,1651680238806,1651680238811,651,0,7153504
172.16.40.96,172.16.40.180,161,51954,1651680238813,1651680238818,656,0,6532321
172.16.40.180,172.16.40.49,51954,161,1651680238809,1651680238819,662,0,6413810
172.16.40.180,172.16.40.96,51954,161,1651680238818,1651680238823,653,0,7153504
172.16.40.180,172.16.40.115,51954,161,1651680238799,1651680238826,620,0,5513951
172.16.40.49,172.16.40.180,161,51954,1651680238823,1651680238830,657,0,6058842
172.16.40.96,172.16.40.180,161,51954,1651680238825,1651680238830,651,0,6532321
172.16.40.103,172.16.40.180,161,51954,1651680238812,1651680238831,647,0,6358906
172.16.40.180,172.16.40.49,51954,161,1651680238831,1651680238839,648,0,6413810
172.16.40.180,172.16.40.41,51954,161,1651680237490,1651680238843,1816,0,8951501
172.16.40.180,172.16.40.61,51954,161,1651680236430,1651680238844,2093,0,9194000
172.16.40.2,172.16.40.180,161,51954,1651680238554,1651680238845,1453,0,44873554
172.16.40.180,172.16.40.96,51954,161,1651680238831,1651680238846,649,0,7153504
172.16.40.6,172.16.40.180,161,51954,1651680238477,1651680238847,668,0,11042702
172.16.40.180,172.16.40.48,51954,161,1651680236840,1651680238847,1384,0,5984184
172.16.40.115,172.16.40.180,161,51954,1651680238829,1651680238852,619,0,5454799
172.16.40.96,172.16.40.180,161,51954,1651680238847,1651680238853,647,0,6532321
172.16.40.49,172.16.40.180,161,51954,1651680238841,1651680238854,647,0,6058842
172.16.40.180,172.16.40.96,51954,161,1651680238853,1651680238858,668,0,7153504
172.16.40.180,172.16.40.49,51954,161,1651680238854,1651680238865,647,0,6413810
172.16.40.96,172.16.40.180,161,51954,1651680238860,1651680238867,656,0,6532321
172.16.40.180,172.16.40.115,51954,161,1651680238853,1651680238869,618,0,5513951
172.16.40.180,172.16.40.103,51954,161,1651680238831,1651680238870,647,0,6412720
172.16.40.180,172.16.40.96,51954,161,1651680238867,1651680238872,655,0,7153504
172.16.40.49,172.16.40.180,161,51954,1651680238868,1651680238875,646,0,6058842
172.16.40.115,172.16.40.180,161,51954,1651680238872,1651680238879,618,0,5454799
172.16.40.180,172.16.40.49,51954,161,1651680238876,1651680238884,661,0,6413810
172.16.40.96,172.16.40.180,161,51954,1651680238880,1651680238885,647,0,6532321
172.16.40.180,172.16.40.96,51954,161,1651680238886,1651680238892,652,0,7153504
172.16.40.49,172.16.40.180,161,51954,1651680238886,1651680238895,657,0,6058842
172.16.40.180,172.16.40.115,51954,161,1651680238879,1651680238897,640,0,5513951
172.16.40.96,172.16.40.180,161,51954,1651680238893,1651680238900,646,0,6532321
172.16.40.115,172.16.40.180,161,51954,1651680238900,1651680238910,629,0,5454799
172.16.40.180,172.16.40.96,51954,161,1651680238901,1651680238917,668,0,7153504
172.16.40.180,172.16.40.49,51954,161,1651680238895,1651680238918,648,0,6413810
172.16.40.96,172.16.40.180,161,51954,1651680238924,1651680238929,657,0,6532321
172.16.40.49,172.16.40.180,161,51954,1651680238920,1651680238929,647,0,6058842
172.16.40.180,172.16.40.115,51954,161,1651680238911,1651680238935,620,0,5513951
172.16.40.180,172.16.40.96,51954,161,1651680238929,1651680238935,654,0,7153504
172.16.40.180,172.16.40.49,51954,161,1651680238929,1651680238941,647,0,6413810
172.16.40.96,172.16.40.180,161,51954,1651680238937,1651680238941,652,0,6532321
172.16.40.103,172.16.40.180,161,51954,1651680238926,1651680238942,647,0,6358906
172.16.40.96,172.16.40.180,161,51954,1651680238942,1651680238947,655,0,6532321
172.16.40.49,172.16.40.180,161,51954,1651680238943,1651680238951,647,0,6058842
172.16.40.180,172.16.40.49,51954,161,1651680238952,1651680238960,646,0,6413810
172.16.40.96,172.16.40.180,161,51954,1651680238949,1651680238961,650,0,6532321
172.16.40.180,172.16.40.96,51954,161,1651680238961,1651680238967,646,0,7153504
172.16.40.49,172.16.40.180,161,51954,1651680238963,1651680238970,666,0,6058842
172.16.40.115,172.16.40.180,161,51954,1651680238939,1651680238972,619,0,5454799
172.16.40.96,172.16.40.180,161,51954,1651680238968,1651680238973,672,0,6532321
172.16.40.180,172.16.40.96,51954,161,1651680238974,1651680238979,652,0,7153504
172.16.40.180,172.16.40.49,51954,161,1651680238971,1651680238981,652,0,6413810
172.16.40.96,172.16.40.180,161,51954,1651680238981,1651680238986,654,0,6532321
172.16.40.49,172.16.40.180,161,51954,1651680238984,1651680238992,648,0,6058842
172.16.40.180,172.16.40.96,51954,161,1651680238986,1651680238998,647,0,7153504
172.16.40.180,172.16.40.49,51954,161,1651680238992,1651680239001,647,0,6413810
172.16.40.180,172.16.40.115,51954,161,1651680238973,1651680239003,619,0,5513951
172.16.40.96,172.16.40.180,161,51954,1651680239000,1651680239005,653,0,6532321
172.16.40.180,172.16.40.96,51954,161,1651680239006,1651680239011,645,0,7153504
172.16.40.49,172.16.40.180,161,51954,1651680239003,1651680239012,647,0,6058842
172.16.40.96,172.16.40.180,161,51954,1651680239012,1651680239018,654,0,6532321
172.16.40.180,172.16.40.49,51954,161,1651680239012,1651680239022,645,0,6413810
172.16.40.180,172.16.40.96,51954,161,1651680239018,1651680239024,650,0,7153504
172.16.40.96,172.16.40.180,161,51954,1651680239026,1651680239031,648,0,6532321
172.16.40.49,172.16.40.180,161,51954,1651680239026,1651680239035,667,0,6058842
172.16.40.115,172.16.40.180,161,51954,1651680239012,1651680239040,618,0,5454799
172.16.40.180,172.16.40.49,51954,161,1651680239035,1651680239043,655,0,6413810
172.16.40.180,172.16.40.96,51954,161,1651680239031,1651680239044,646,0,7153504
172.16.40.96,172.16.40.180,161,51954,1651680239045,1651680239051,647,0,6532321
172.16.40.49,172.16.40.180,161,51954,1651680239046,1651680239054,655,0,6058842
172.16.40.180,172.16.40.96,51954,161,1651680239052,1651680239057,646,0,7153504
172.16.40.96,172.16.40.180,161,51954,1651680239059,1651680239065,660,0,6532321
172.16.40.180,172.16.40.49,51954,161,1651680239054,1651680239065,646,0,6413810
172.16.40.180,172.16.40.96,51954,161,1651680239065,1651680239071,656,0,7153504
172.16.40.180,172.16.40.214,51954,161,1651680236420,1651680239071,1341,0,5213446
172.16.40.49,172.16.40.180,161,51954,1651680239067,1651680239076,653,0,6058842
172.16.40.96,172.16.40.180,161,51954,1651680239078,1651680239085,649,0,6532321
172.16.40.180,172.16.40.49,51954,161,1651680239076,1651680239085,646,0,6413810
172.16.40.180,172.16.40.96,51954,161,1651680239085,1651680239090,646,0,7153504
172.16.40.49,172.16.40.180,161,51954,1651680239087,1651680239096,665,0,6058842
172.16.40.96,172.16.40.180,161,51954,1651680239092,1651680239097,648,0,6532321
172.16.40.180,172.16.40.96,51954,161,1651680239098,1651680239103,646,0,7153504
172.16.40.180,172.16.40.49,51954,161,1651680239097,1651680239107,656,0,6413810
172.16.40.180,172.16.40.115,51954,161,1651680239040,1651680239114,639,0,5513951
172.16.40.49,172.16.40.180,161,51954,1651680239110,1651680239118,649,0,6058842
172.16.40.180,172.16.40.49,51954,161,1651680239118,1651680239133,646,0,6413810
172.16.40.180,172.16.40.127,51954,161,1651680237870,1651680239134,1455,0,14222382
172.16.40.49,172.16.40.180,161,51954,1651680239138,1651680239146,648,0,6058842
172.16.40.180,172.16.40.49,51954,161,1651680239146,1651680239156,646,0,6413810
172.16.40.49,172.16.40.180,161,51954,1651680239158,1651680239167,651,0,6058842
172.16.40.180,172.16.40.49,51954,161,1651680239168,1651680239178,652,0,6413810
172.16.40.49,172.16.40.180,161,51954,1651680239180,1651680239189,647,0,6058842
172.16.40.180,172.16.40.49,51954,161,1651680239189,1651680239198,646,0,6413810
172.16.40.49,172.16.40.180,161,51954,1651680239201,1651680239216,648,0,6058842
172.16.40.180,172.16.40.251,51954,161,1651680236217,1651680239225,609,0,1339588
172.16.40.180,172.16.40.49,51954,161,1651680239216,1651680239226,646,0,6413810
172.16.40.49,172.16.40.180,161,51954,1651680239229,1651680239239,649,0,6058842
172.16.40.180,172.16.40.31,51954,161,1651680236239,1651680239256,3497,0,19252916
172.16.40.180,172.16.40.1,51954,161,1651680238275,1651680239258,3455,1,44874052
172.16.40.2,172.16.40.180,161,51954,1651680238847,1651680239259,2565,0,44873554
172.16.40.180,172.16.40.78,51954,161,1651680236535,1651680239287,1393,0,13150019
172.16.40.180,172.16.40.127,51954,161,1651680239272,1651680239292,648,0,14222382
172.16.40.180,172.16.40.127,51954,161,1651680239292,1651680239296,699,0,14222382
172.16.40.127,172.16.40.180,161,51954,1651680239296,1651680239300,675,0,14980142
172.16.40.180,172.16.40.127,51954,161,1651680239300,1651680239304,663,0,14222382
172.16.40.180,172.16.40.127,51954,161,1651680239304,1651680239308,667,0,14222382
172.16.40.127,172.16.40.180,161,51954,1651680239324,1651680239329,665,0,14980142
172.16.40.127,172.16.40.180,161,51954,1651680239332,1651680239336,665,0,14980142
172.16.40.180,172.16.40.127,51954,161,1651680239337,1651680239342,672,0,14222382
172.16.40.127,172.16.40.180,161,51954,1651680239343,1651680239348,664,0,14980142
172.16.40.180,172.16.40.127,51954,161,1651680239349,1651680239371,657,0,14222382
172.16.40.180,172.16.40.127,51954,161,1651680239371,1651680239376,639,0,14222382
172.16.40.127,172.16.40.180,161,51954,1651680239378,1651680239384,639,0,14980142
172.16.40.180,172.16.40.34,51954,161,1651680236467,1651680239388,1380,0,9841467
172.16.40.180,172.16.40.127,51954,161,1651680239384,1651680239390,645,0,14222382
172.16.40.127,172.16.40.180,161,51954,1651680239406,1651680239412,650,0,14980142
172.16.40.180,172.16.40.127,51954,161,1651680239412,1651680239417,644,0,14222382
172.16.40.127,172.16.40.180,161,51954,1651680239419,1651680239425,643,0,14980142
172.16.40.180,172.16.40.127,51954,161,1651680239425,1651680239448,647,0,14222382
172.16.40.127,172.16.40.180,161,51954,1651680239450,1651680239456,639,0,14980142
172.16.40.180,172.16.40.127,51954,161,1651680239456,1651680239465,653,0,14222382
172.16.40.180,172.16.40.80,51954,161,1651680236280,1651680239478,2109,0,8731630
172.16.40.3,172.16.40.180,161,51954,1651680238478,1651680239479,1383,0,13846058
172.16.40.2,172.16.40.180,161,51954,1651680239259,1651680239480,1845,0,44873554
172.16.40.31,172.16.40.180,161,51954,1651680239261,1651680239480,1087,0,20529763
172.16.40.180,172.16.40.69,51954,161,1651680238541,1651680239482,1392,0,9620609
172.16.40.127,172.16.40.180,161,51954,1651680239467,1651680239492,647,0,14980142
172.16.40.180,172.16.40.127,51954,161,1651680239492,1651680239501,648,0,14222382
172.16.40.127,172.16.40.180,161,51954,1651680239504,1651680239526,647,0,14980142
172.16.40.180,172.16.40.127,51954,161,1651680239526,1651680239535,647,0,14222382
172.16.40.180,172.16.40.53,51954,161,1651680239025,1651680239541,1388,0,16497072
172.16.40.127,172.16.40.180,161,51954,1651680239538,1651680239546,647,0,14980142
172.16.40.180,172.16.40.78,51954,161,1651680239425,1651680239548,1451,0,13150019
172.16.40.180,172.16.40.127,51954,161,1651680239546,1651680239565,646,0,14222382
172.16.40.127,172.16.40.180,161,51954,1651680239568,1651680239574,660,0,14980142
172.16.40.180,172.16.40.127,51954,161,1651680239574,1651680239580,646,0,14222382
172.16.40.127,172.16.40.180,161,51954,1651680239581,1651680239588,648,0,14980142
172.16.40.180,172.16.40.127,51954,161,1651680239588,1651680239607,644,0,14222382
172.16.40.127,172.16.40.180,161,51954,1651680239611,1651680239618,644,0,14980142
172.16.40.180,172.16.40.127,51954,161,1651680239619,1651680239629,644,0,14222382
172.16.40.127,172.16.40.180,161,51954,1651680239631,1651680239650,661,0,14980142
172.16.40.180,172.16.40.127,51954,161,1651680239651,1651680239658,646,0,14222382
172.16.40.127,172.16.40.180,161,51954,1651680239659,1651680239665,649,0,14980142
172.16.40.180,172.16.40.127,51954,161,1651680239665,1651680239686,644,0,14222382
172.16.40.127,172.16.40.180,161,51954,1651680239687,1651680239693,644,0,14980142
172.16.40.180,172.16.40.127,51954,161,1651680239693,1651680239700,644,0,14222382
172.16.40.127,172.16.40.180,161,51954,1651680239702,1651680239711,657,0,14980142
172.16.40.29,172.16.40.180,161,51954,1651680238477,1651680239728,1003,0,9848599
172.16.40.180,172.16.40.127,51954,161,1651680239711,1651680239744,646,0,14222382
172.16.40.127,172.16.40.180,161,51954,1651680239746,1651680239769,649,0,14980142
172.16.40.61,172.16.40.180,161,51954,1651680238853,1651680239769,1384,0,9181634
172.16.40.180,172.16.40.127,51954,161,1651680239769,1651680239778,646,0,14222382
172.16.40.127,172.16.40.180,161,51954,1651680239780,1651680239789,648,0,14980142
172.16.40.180,172.16.40.127,51954,161,1651680239789,1651680239811,646,0,14222382
172.16.40.127,172.16.40.180,161,51954,1651680239813,1651680239819,660,0,14980142
172.16.40.180,172.16.40.127,51954,161,1651680239819,1651680239825,646,0,14222382
172.16.40.180,172.16.40.103,51954,161,1651680238942,1651680239845,989,0,6412720
172.16.40.31,172.16.40.180,161,51954,1651680239483,1651680239847,667,0,20529763
172.16.40.127,172.16.40.180,161,51954,1651680239826,1651680239848,650,0,14980142
172.16.40.180,172.16.40.127,51954,161,1651680239848,1651680239854,644,0,14222382
172.16.40.180,172.16.40.31,51954,161,1651680239847,1651680239858,661,0,19252916
172.16.40.127,172.16.40.180,161,51954,1651680239855,1651680239861,644,0,14980142
172.16.40.180,172.16.40.127,51954,161,1651680239861,1651680239869,644,0,14222382
172.16.40.180,172.16.40.91,51954,161,1651680237488,1651680239881,1431,0,9044892
172.16.40.127,172.16.40.180,161,51954,1651680239884,1651680239890,646,0,14980142
172.16.40.180,172.16.40.127,51954,161,1651680239890,1651680239896,659,0,14222382
172.16.40.127,172.16.40.180,161,51954,1651680239898,1651680239903,647,0,14980142
172.16.40.180,172.16.40.127,51954,161,1651680239904,1651680239910,648,0,14222382
172.16.40.1,172.16.40.180,161,51954,1651680239268,1651680239929,2948,1,44875729
172.16.40.127,172.16.40.180,161,51954,1651680239911,1651680239932,644,0,14980142
172.16.40.180,172.16.40.127,51954,161,1651680239933,1651680239938,644,0,14222382
172.16.40.96,172.16.40.180,161,51954,1651680239105,1651680239944,654,0,6532321
172.16.40.127,172.16.40.180,161,51954,1651680239941,1651680239948,644,0,14980142
172.16.40.180,172.16.40.127,51954,161,1651680239948,1651680239967,667,0,14222382
172.16.40.127,172.16.40.180,161,51954,1651680239969,1651680239975,657,0,14980142
172.16.40.180,172.16.40.127,51954,161,1651680239976,1651680239981,653,0,14222382
172.16.40.127,172.16.40.180,161,51954,1651680239983,1651680239989,650,0,14980142
172.16.40.180,172.16.40.127,51954,161,1651680239989,1651680240009,654,0,14222382
172.16.40.127,172.16.40.180,161,51954,1651680240011,1651680240017,648,0,14980142
172.16.40.180,172.16.40.127,51954,161,1651680240017,1651680240023,666,0,14222382
172.16.40.127,172.16.40.180,161,51954,1651680240024,1651680240030,657,0,14980142
172.16.40.53,172.16.40.180,161,51954,1651680239545,1651680240048,1386,0,16331871
172.16.40.180,172.16.40.127,51954,161,1651680240030,1651680240050,650,0,14222382
172.16.40.127,172.16.40.180,161,51954,1651680240052,1651680240058,652,0,14980142
172.16.40.180,172.16.40.127,51954,161,1651680240058,1651680240064,651,0,14222382
172.16.40.127,172.16.40.180,161,51954,1651680240066,1651680240071,651,0,14980142
172.16.40.214,172.16.40.180,161,51954,1651680239093,1651680240090,1942,0,5360649
172.16.40.180,172.16.40.139,51954,161,1651680238914,1651680240090,1525,0,6811612
172.16.40.180,172.16.40.127,51954,161,1651680240071,1651680240091,646,0,14222382
172.16.40.127,172.16.40.180,161,51954,1651680240092,1651680240098,671,0,14980142
172.16.40.180,172.16.40.129,51954,161,1651680237238,1651680240101,1390,0,8509521
172.16.40.180,172.16.40.127,51954,161,1651680240098,1651680240104,652,0,14222382
172.16.40.127,172.16.40.180,161,51954,1651680240106,1651680240126,656,0,14980142
172.16.40.2,172.16.40.180,161,51954,1651680239481,1651680240128,652,0,44873554
172.16.40.180,172.16.40.64,51954,161,1651680237128,1651680240130,1722,0,6460211
172.16.40.180,172.16.40.127,51954,161,1651680240126,1651680240139,647,0,14222382
172.16.40.127,172.16.40.180,161,51954,1651680240141,1651680240147,654,0,14980142
172.16.40.180,172.16.40.127,51954,161,1651680240147,1651680240168,645,0,14222382
172.16.40.127,172.16.40.180,161,51954,1651680240170,1651680240177,669,0,14980142
172.16.40.180,172.16.40.127,51954,161,1651680240178,1651680240185,655,0,14222382
172.16.40.127,172.16.40.180,161,51954,1651680240186,1651680240207,657,0,14980142
172.16.40.180,172.16.40.127,51954,161,1651680240208,1651680240214,646,0,14222382
172.16.40.127,172.16.40.180,161,51954,1651680240216,1651680240222,654,0,14980142
172.16.40.180,172.16.40.127,51954,161,1651680240222,1651680240228,648,0,14222382
172.16.40.180,172.16.40.60,51954,161,1651680236418,1651680240247,3439,0,10972390
172.16.40.127,172.16.40.180,161,51954,1651680240244,1651680240257,667,0,14980142
172.16.40.180,172.16.40.127,51954,161,1651680240257,1651680240267,656,0,14222382
172.16.40.2,172.16.40.180,161,51954,1651680240129,1651680240280,2166,0,44873554
172.16.40.127,172.16.40.180,161,51954,1651680240269,1651680240289,649,0,14980142
172.16.40.180,172.16.40.127,51954,161,1651680240289,1651680240304,646,0,14222382
172.16.40.180,172.16.40.101,51954,161,1651680236536,1651680240306,1438,0,26323621
172.16.40.127,172.16.40.180,161,51954,1651680240306,1651680240325,648,0,14980142
172.16.40.180,172.16.40.127,51954,161,1651680240326,1651680240348,646,0,14222382
172.16.40.127,172.16.40.180,161,51954,1651680240350,1651680240372,666,0,14980142
172.16.40.180,172.16.40.127,51954,161,1651680240373,1651680240380,651,0,14222382
172.16.40.127,172.16.40.180,161,51954,1651680240381,1651680240387,656,0,14980142
172.16.40.180,172.16.40.16,51954,161,1651680236233,1651680240391,2103,0,10156329
172.16.40.180,172.16.40.16,51954,161,1651680240391,1651680240406,661,0,10156329
172.16.40.180,172.16.40.127,51954,161,1651680240388,1651680240407,649,0,14222382
172.16.40.180,172.16.40.245,51954,161,1651680239427,1651680240408,1387,0,10782398
172.16.40.127,172.16.40.180,161,51954,1651680240409,1651680240415,651,0,14980142
172.16.40.180,172.16.40.127,51954,161,1651680240415,1651680240421,651,0,14222382
172.16.40.127,172.16.40.180,161,51954,1651680240423,1651680240429,647,0,14980142
172.16.40.180,172.16.40.127,51954,161,1651680240438,1651680240453,667,0,14222382
172.16.40.127,172.16.40.180,161,51954,1651680240455,1651680240461,656,0,14980142
172.16.40.180,172.16.40.127,51954,161,1651680240461,1651680240466,648,0,14222382
172.16.40.41,172.16.40.180,161,51954,1651680238846,1651680240482,1088,0,10605116
172.16.40.2,172.16.40.180,161,51954,1651680240283,1651680240483,2312,0,44873554
172.16.40.180,172.16.40.63,51954,161,1651680238471,1651680240483,1374,0,13744511
172.16.40.29,172.16.40.180,161,51954,1651680239733,1651680240496,1049,0,9848599
172.16.40.127,172.16.40.180,161,51954,1651680240468,1651680240496,647,0,14980142
172.16.40.180,172.16.40.127,51954,161,1651680240497,1651680240503,646,0,14222382
172.16.40.127,172.16.40.180,161,51954,1651680240504,1651680240510,646,0,14980142
172.16.40.180,172.16.40.127,51954,161,1651680240510,1651680240531,667,0,14222382
172.16.40.127,172.16.40.180,161,51954,1651680240533,1651680240538,657,0,14980142
172.16.40.180,172.16.40.45,51954,161,1651680238741,1651680240544,1543,0,13394578
172.16.40.180,172.16.40.121,51954,161,1651680236549,1651680240545,633,0,6557534
172.16.40.245,172.16.40.180,161,51954,1651680240416,1651680240545,2158,0,10282354
172.16.40.180,172.16.40.127,51954,161,1651680240539,1651680240546,653,0,14222382
172.16.40.180,172.16.40.30,51954,161,1651680236536,1651680240555,1387,0,14410737
172.16.40.180,172.16.40.14,51370,22,1651680240429,1651680240556,428,0,482
172.16.40.127,172.16.40.180,161,51954,1651680240548,1651680240567,649,0,14980142
172.16.40.180,172.16.40.127,51954,161,1651680240567,1651680240573,654,0,14222382
172.16.40.2,172.16.40.180,161,51954,1651680240484,1651680240577,672,0,44873554
172.16.40.127,172.16.40.180,161,51954,1651680240575,1651680240580,647,0,14980142
172.16.40.180,172.16.40.127,51954,161,1651680240581,1651680240586,666,0,14222382
172.16.40.127,172.16.40.180,161,51954,1651680240588,1651680240608,657,0,14980142
172.16.40.180,172.16.40.127,51954,161,1651680240609,1651680240615,648,0,14222382
172.16.40.127,172.16.40.180,161,51954,1651680240617,1651680240624,647,0,14980142
172.16.40.180,172.16.40.127,51954,161,1651680240624,1651680240649,647,0,14222382
172.16.40.127,172.16.40.180,161,51954,1651680240651,1651680240657,647,0,14980142
172.16.40.180,172.16.40.55,51954,161,1651680237937,1651680240658,1380,0,8538354
172.16.40.180,172.16.40.127,51954,161,1651680240657,1651680240663,646,0,14222382
172.16.40.127,172.16.40.180,161,51954,1651680240664,1651680240684,672,0,14980142
172.16.40.180,172.16.40.127,51954,161,1651680240684,1651680240690,652,0,14222382
172.16.40.127,172.16.40.180,161,51954,1651680240692,1651680240698,648,0,14980142
172.16.40.180,172.16.40.127,51954,161,1651680240698,1651680240704,647,0,14222382
172.16.40.127,172.16.40.180,161,51954,1651680240705,1651680240712,647,0,14980142
172.16.40.180,172.16.40.127,51954,161,1651680240712,1651680240741,645,0,14222382
172.16.40.127,172.16.40.180,161,51954,1651680240743,1651680240749,670,0,14980142
172.16.40.180,172.16.40.127,51954,161,1651680240749,1651680240769,655,0,14222382
172.16.40.127,172.16.40.180,161,51954,1651680240771,1651680240777,649,0,14980142
172.16.40.180,172.16.40.127,51954,161,1651680240777,1651680240783,646,0,14222382
172.16.40.103,172.16.40.180,161,51954,1651680239865,1651680240784,1042,0,6358906
172.16.40.127,172.16.40.180,161,51954,1651680240785,1651680240791,647,0,14980142
172.16.40.180,172.16.40.127,51954,161,1651680240791,1651680240810,646,0,14222382
172.16.40.127,172.16.40.180,161,51954,1651680240812,1651680240818,668,0,14980142
172.16.40.180,172.16.40.127,51954,161,1651680240818,1651680240824,656,0,14222382
172.16.40.127,172.16.40.180,161,51954,1651680240825,1651680240846,654,0,14980142
172.16.40.180,172.16.40.127,51954,161,1651680240847,1651680240853,649,0,14222382
172.16.40.127,172.16.40.180,161,51954,1651680240854,1651680240860,655,0,14980142
172.16.40.180,172.16.40.8,51954,161,1651680238916,1651680240861,1382,0,5852782
172.16.40.180,172.16.40.127,51954,161,1651680240860,1651680240867,648,0,14222382
172.16.40.127,172.16.40.180,161,51954,1651680240869,1651680240889,667,0,14980142
172.16.40.180,172.16.40.127,51954,161,1651680240890,1651680240901,651,0,14222382
172.16.40.127,172.16.40.180,161,51954,1651680240903,1651680240909,656,0,14980142
172.16.40.180,172.16.40.127,51954,161,1651680240909,1651680240928,653,0,14222382
172.16.40.1,172.16.40.180,161,51954,1651680239933,1651680240936,3279,1,44875729
172.16.40.180,172.16.40.1,51954,161,1651680240936,1651680240937,688,1,44874052
172.16.40.3,172.16.40.180,161,51954,1651680239482,1651680240937,665,0,13846058
172.16.40.180,172.16.40.1,51954,161,1651680240937,1651680240938,689,1,44874052
172.16.40.127,172.16.40.180,161,51954,1651680240937,1651680240943,652,0,14980142
172.16.40.180,172.16.40.18,51954,161,1651680236842,1651680240947,1382,0,5916989
172.16.40.180,172.16.40.83,51954,161,1651680238470,1651680240948,1386,0,5825355
172.16.40.78,172.16.40.180,161,51954,1651680239548,1651680240952,666,0,13968534
172.16.40.180,172.16.40.127,51954,161,1651680240944,1651680240965,651,0,14222382
172.16.40.127,172.16.40.180,161,51954,1651680240966,1651680240972,647,0,14980142
172.16.40.180,172.16.40.127,51954,161,1651680240972,1651680240984,668,0,14222382
172.16.40.127,172.16.40.180,161,51954,1651680240986,1651680240991,656,0,14980142
172.16.40.180,172.16.40.127,51954,161,1651680240992,1651680241016,657,0,14222382
172.16.40.127,172.16.40.180,161,51954,1651680241018,1651680241023,647,0,14980142
172.16.40.180,172.16.40.127,51954,161,1651680241023,1651680241029,653,0,14222382
172.16.40.127,172.16.40.180,161,51954,1651680241045,1651680241082,648,0,14980142
172.16.40.180,172.16.40.127,51954,161,1651680241083,1651680241092,668,0,14222382
172.16.40.127,172.16.40.180,161,51954,1651680241094,1651680241100,657,0,14980142
172.16.40.180,172.16.40.127,51954,161,1651680241100,1651680241106,653,0,14222382
172.16.40.127,172.16.40.180,161,51954,1651680241108,1651680241127,650,0,14980142
172.16.40.2,172.16.40.180,161,51954,1651680240579,1651680241131,1017,0,44873554
172.16.40.1,172.16.40.180,161,51954,1651680240939,1651680241137,1090,1,44875729
172.16.40.180,172.16.40.58,51954,161,1651680238134,1651680241138,2091,0,6527665
172.16.40.180,172.16.40.127,51954,161,1651680241127,1651680241140,654,0,14222382
172.16.40.180,172.16.40.1,51954,161,1651680241137,1651680241142,1129,1,44874052
172.16.40.1,172.16.40.180,161,51954,1651680241143,1651680241144,687,1,44875729
172.16.40.127,172.16.40.180,161,51954,1651680241142,1651680241149,648,0,14980142
172.16.40.180,172.16.40.127,51954,161,1651680241150,1651680241170,667,0,14222382
172.16.40.127,172.16.40.180,161,51954,1651680241171,1651680241177,657,0,14980142
172.16.40.180,172.16.40.127,51954,161,1651680241177,1651680241183,650,0,14222382
172.16.40.127,172.16.40.180,161,51954,1651680241185,1651680241191,652,0,14980142
172.16.40.180,172.16.40.127,51954,161,1651680241191,1651680241211,650,0,14222382
172.16.40.127,172.16.40.180,161,51954,1651680241212,1651680241218,651,0,14980142
172.16.40.180,172.16.40.127,51954,161,1651680241218,1651680241224,646,0,14222382
172.16.40.180,172.16.40.69,51954,161,1651680240228,1651680241231,1525,0,9620609
172.16.40.127,172.16.40.180,161,51954,1651680241226,1651680241232,672,0,14980142
172.16.40.180,172.16.40.16,51954,161,1651680240481,1651680241247,999,0,10156329
172.16.40.180,172.16.40.3,51954,161,1651680240937,1651680241249,1387,0,12764273
172.16.40.28,172.16.40.180,161,51954,1651680236872,1651680241255,1228,0,7534314
172.16.40.180,172.16.40.79,51954,161,1651680236866,1651680241259,1226,0,7077607
172.16.40.180,172.16.40.19,51954,161,1651680240863,1651680241261,1224,0,12597749
172.16.40.180,172.16.40.34,51954,161,1651680239388,1651680241261,1967,0,9841467
172.16.40.180,172.16.40.18,51954,161,1651680240947,1651680241261,1386,0,5916989
172.16.40.180,172.16.40.127,51954,161,1651680241232,1651680241268,652,0,14222382
172.16.40.180,172.16.40.53,51954,161,1651680240159,1651680241269,1742,0,16497072
172.16.40.180,172.16.40.31,51954,161,1651680240483,1651680241272,1237,0,19252916
172.16.40.84,172.16.40.180,161,51954,1651680236568,1651680241289,2212,0,10309928
172.16.40.127,172.16.40.180,161,51954,1651680241269,1651680241290,648,0,14980142
172.16.40.180,172.16.40.127,51954,161,1651680241290,1651680241296,647,0,14222382
172.16.40.127,172.16.40.180,161,51954,1651680241298,1651680241304,647,0,14980142
172.16.40.180,172.16.40.127,51954,161,1651680241305,1651680241325,645,0,14222382
172.16.40.127,172.16.40.180,161,51954,1651680241327,1651680241335,670,0,14980142
172.16.40.180,172.16.40.127,51954,161,1651680241335,1651680241341,655,0,14222382
172.16.40.127,172.16.40.180,161,51954,1651680241343,1651680241350,656,0,14980142
172.16.40.180,172.16.40.127,51954,161,1651680241350,1651680241371,647,0,14222382
172.16.40.101,172.16.40.180,161,51954,1651680240308,1651680241378,2163,0,26656285
172.16.40.127,172.16.40.180,161,51954,1651680241373,1651680241379,654,0,14980142
172.16.40.180,172.16.40.127,51954,161,1651680241380,1651680241386,648,0,14222382
172.16.40.127,172.16.40.180,161,51954,1651680241387,1651680241407,668,0,14980142
172.16.40.180,172.16.40.127,51954,161,1651680241407,1651680241413,656,0,14222382
172.16.40.127,172.16.40.180,161,51954,1651680241415,1651680241420,654,0,14980142
172.16.40.180,172.16.40.127,51954,161,1651680241421,1651680241427,649,0,14222382
172.16.40.127,172.16.40.180,161,51954,1651680241428,1651680241448,655,0,14980142
172.16.40.180,172.16.40.127,51954,161,1651680241448,1651680241454,648,0,14222382
172.16.40.127,172.16.40.180,161,51954,1651680241455,1651680241461,667,0,14980142
172.16.40.180,172.16.40.127,51954,161,1651680241462,1651680241467,651,0,14222382
172.16.40.127,172.16.40.180,161,51954,1651680241469,1651680241488,656,0,14980142
172.16.40.180,172.16.40.127,51954,161,1651680241488,1651680241500,652,0,14222382
172.16.40.29,172.16.40.180,161,51954,1651680240496,1651680241501,665,0,9848599
172.16.40.2,172.16.40.180,161,51954,1651680241134,1651680241501,1814,0,44873554
172.16.40.127,172.16.40.180,161,51954,1651680241503,1651680241509,651,0,14980142
172.16.40.180,172.16.40.127,51954,161,1651680241509,1651680241530,650,0,14222382
172.16.40.180,172.16.40.11,51954,161,1651680236017,1651680241531,2099,0,8876092
172.16.40.99,172.16.40.180,161,51954,1651680237846,1651680241535,1387,0,11035254
172.16.40.127,172.16.40.180,161,51954,1651680241532,1651680241537,647,0,14980142
172.16.40.180,172.16.40.127,51954,161,1651680241538,1651680241543,668,0,14222382
172.16.40.127,172.16.40.180,161,51954,1651680241545,1651680241565,656,0,14980142
172.16.40.180,172.16.40.127,51954,161,1651680241565,1651680241574,657,0,14222382
172.16.40.245,172.16.40.180,161,51954,1651680240554,1651680241578,665,0,10282354
172.16.40.127,172.16.40.180,161,51954,1651680241576,1651680241582,647,0,14980142
172.16.40.180,172.16.40.127,51954,161,1651680241583,1651680241589,652,0,14222382
172.16.40.127,172.16.40.180,161,51954,1651680241590,1651680241611,648,0,14980142
172.16.40.180,172.16.40.127,51954,161,1651680241611,1651680241617,668,0,14222382
172.16.40.127,172.16.40.180,161,51954,1651680241619,1651680241625,657,0,14980142
172.16.40.180,172.16.40.127,51954,161,1651680241625,1651680241650,654,0,14222382
172.16.40.127,172.16.40.180,161,51954,1651680241654,1651680241661,650,0,14980142
172.16.40.180,172.16.40.127,51954,161,1651680241661,1651680241668,653,0,14222382
172.16.40.127,172.16.40.180,161,51954,1651680241688,1651680241699,648,0,14980142
172.16.40.180,172.16.40.127,51954,161,1651680241699,1651680241710,667,0,14222382
172.16.40.127,172.16.40.180,161,51954,1651680241737,1651680241746,657,0,14980142
172.16.40.180,172.16.40.36,51954,161,1651680240577,1651680241764,2099,0,10033217
172.16.40.31,172.16.40.180,161,51954,1651680241274,1651680241765,624,0,20529763
172.16.40.180,172.16.40.127,51954,161,1651680241747,1651680241768,650,0,14222382
172.16.40.127,172.16.40.180,161,51954,1651680241770,1651680241776,654,0,14980142
172.16.40.180,172.16.40.127,51954,161,1651680241777,1651680241784,650,0,14222382
172.16.40.127,172.16.40.180,161,51954,1651680241786,1651680241791,652,0,14980142
172.16.40.180,172.16.40.127,51954,161,1651680241792,1651680241811,646,0,14222382
172.16.40.127,172.16.40.180,161,51954,1651680241813,1651680241819,672,0,14980142
172.16.40.180,172.16.40.127,51954,161,1651680241820,1651680241826,652,0,14222382
172.16.40.41,172.16.40.180,161,51954,1651680240485,1651680241836,1816,0,10605116
172.16.40.1,172.16.40.180,161,51954,1651680241144,1651680241837,1603,1,44875729
172.16.40.180,172.16.40.51,51954,161,1651680236721,1651680241837,2103,0,6145018
172.16.40.180,172.16.40.20,51954,161,1651680236469,1651680241838,2226,0,14061818
172.16.40.6,172.16.40.180,161,51954,1651680238849,1651680241840,2172,0,11042702
172.16.40.180,172.16.40.99,51954,161,1651680241834,1651680241841,1382,0,10002396
172.16.40.127,172.16.40.180,161,51954,1651680241828,1651680241847,655,0,14980142
172.16.40.180,172.16.40.127,51954,161,1651680241847,1651680241853,647,0,14222382
172.16.40.127,172.16.40.180,161,51954,1651680241855,1651680241861,655,0,14980142
172.16.40.180,172.16.40.2,51954,161,1651680241564,1651680241866,1447,0,41211180
172.16.40.180,172.16.40.127,51954,161,1651680241861,1651680241870,645,0,14222382
172.16.40.127,172.16.40.180,161,51954,1651680241871,1651680241891,670,0,14980142
172.16.40.180,172.16.40.49,51954,161,1651680239479,1651680241896,1378,0,6413810
172.16.40.1,172.16.40.180,161,51954,1651680241838,1651680241897,661,1,44875729
172.16.40.180,172.16.40.127,51954,161,1651680241891,1651680241899,655,0,14222382
172.16.40.127,172.16.40.180,161,51954,1651680241901,1651680241908,649,0,14980142
172.16.40.180,172.16.40.127,51954,161,1651680241909,1651680241928,646,0,14222382
172.16.40.180,172.16.40.1,51954,161,1651680241938,1651680241938,677,1,44874052
172.16.40.8,172.16.40.180,161,51954,1651680240868,1651680241939,1386,0,6340877
172.16.40.180,172.16.40.1,51954,161,1651680241939,1651680241939,689,1,44874052
172.16.40.127,172.16.40.180,161,51954,1651680241930,1651680241941,647,0,14980142
172.16.40.180,172.16.40.127,51954,161,1651680241941,1651680241947,646,0,14222382
172.16.40.30,172.16.40.180,161,51954,1651680240557,1651680241953,2105,0,15316072
172.16.40.180,172.16.40.53,51954,161,1651680241269,1651680241967,1888,0,16497072
172.16.40.127,172.16.40.180,161,51954,1651680241949,1651680241968,668,0,14980142
172.16.40.180,172.16.40.127,51954,161,1651680241968,1651680241974,656,0,14222382
172.16.40.127,172.16.40.180,161,51954,1651680241977,1651680241982,649,0,14980142
172.16.40.180,172.16.40.127,51954,161,1651680241982,1651680241989,646,0,14222382
172.16.40.180,172.16.40.228,51954,161,1651680237066,1651680241995,1718,0,4317292
172.16.40.45,172.16.40.180,161,51954,1651680240568,1651680242002,1562,0,13568268
172.16.40.127,172.16.40.180,161,51954,1651680241990,1651680242010,648,0,14980142
172.16.40.180,172.16.40.127,51954,161,1651680242011,1651680242016,646,0,14222382
172.16.40.127,172.16.40.180,161,51954,1651680242018,1651680242024,667,0,14980142
172.16.40.180,172.16.40.11,51954,161,1651680241531,1651680242039,661,0,8876092
172.16.40.180,172.16.40.127,51954,161,1651680242024,1651680242044,651,0,14222382
172.16.40.127,172.16.40.180,161,51954,1651680242046,1651680242053,656,0,14980142
172.16.40.180,172.16.40.127,51954,161,1651680242053,1651680242059,653,0,14222382
172.16.40.127,172.16.40.180,161,51954,1651680242061,1651680242067,652,0,14980142
172.16.40.180,172.16.40.127,51954,161,1651680242067,1651680242086,651,0,14222382
172.16.40.127,172.16.40.180,161,51954,1651680242087,1651680242094,647,0,14980142
172.16.40.180,172.16.40.127,51954,161,1651680242094,1651680242100,668,0,14222382
172.16.40.127,172.16.40.180,161,51954,1651680242101,1651680242108,656,0,14980142
172.16.40.180,172.16.40.127,51954,161,1651680242108,1651680242127,656,0,14222382
172.16.40.239,172.16.40.180,161,51954,1651680236844,1651680242137,2079,0,5689571
172.16.40.127,172.16.40.180,161,51954,1651680242130,1651680242144,1009,0,14980142
172.16.40.127,172.16.40.180,161,51954,1651680242145,1651680242151,1082,0,14980142
172.16.40.180,172.16.40.115,51954,161,1651680242111,1651680242152,623,0,5513951
172.16.40.127,172.16.40.180,161,51954,1651680242166,1651680242174,649,0,14980142
172.16.40.180,172.16.40.127,51954,161,1651680242175,1651680242181,667,0,14222382
172.16.40.127,172.16.40.180,161,51954,1651680242183,1651680242189,657,0,14980142
172.16.40.31,172.16.40.180,161,51954,1651680241769,1651680242196,635,0,20529763
172.16.40.115,172.16.40.180,161,51954,1651680242183,1651680242199,626,0,5454799
172.16.40.180,172.16.40.127,51954,161,1651680242189,1651680242210,648,0,14222382
172.16.40.127,172.16.40.180,161,51954,1651680242211,1651680242218,647,0,14980142
172.16.40.180,172.16.40.127,51954,161,1651680242218,1651680242225,647,0,14222382
172.16.40.180,172.16.40.251,51954,161,1651680239225,1651680242233,603,0,1339588
172.16.40.127,172.16.40.180,161,51954,1651680242227,1651680242246,647,0,14980142
172.16.40.180,172.16.40.115,51954,161,1651680242200,1651680242248,618,0,5513951
172.16.40.1,172.16.40.180,161,51954,1651680241940,1651680242256,1037,1,44875729
172.16.40.180,172.16.40.127,51954,161,1651680242246,1651680242260,646,0,14222382
172.16.40.2,172.16.40.180,161,51954,1651680241867,1651680242266,2947,0,44873554
172.16.40.115,172.16.40.180,161,51954,1651680242259,1651680242279,620,0,5454799
172.16.40.180,172.16.40.78,51954,161,1651680241246,1651680242281,1558,0,13150019
172.16.40.80,172.16.40.180,161,51954,1651680239481,1651680242282,999,0,8214444
172.16.40.180,172.16.40.1,51954,161,1651680242256,1651680242285,2681,1,44874052
172.16.40.127,172.16.40.180,161,51954,1651680242261,1651680242285,672,0,14980142
172.16.40.180,172.16.40.127,51954,161,1651680242286,1651680242294,652,0,14222382
172.16.40.180,172.16.40.101,51380,22,1651680242196,1651680242317,428,0,964
172.16.40.180,172.16.40.115,51954,161,1651680242281,1651680242333,618,0,5513951
172.16.40.127,172.16.40.180,161,51954,1651680242311,1651680242339,655,0,14980142
172.16.40.180,172.16.40.127,51954,161,1651680242339,1651680242345,647,0,14222382
172.16.40.180,172.16.40.1,51954,161,1651680242285,1651680242365,686,1,44874052
172.16.40.6,172.16.40.180,161,51954,1651680241841,1651680242365,2173,0,11042702
172.16.40.180,172.16.40.1,51954,161,1651680242365,1651680242367,690,1,44874052
172.16.40.127,172.16.40.180,161,51954,1651680242346,1651680242367,654,0,14980142
172.16.40.180,172.16.40.127,51954,161,1651680242367,1651680242373,645,0,14222382
172.16.40.127,172.16.40.180,161,51954,1651680242375,1651680242381,670,0,14980142
172.16.40.180,172.16.40.127,51954,161,1651680242381,1651680242388,655,0,14222382
172.16.40.115,172.16.40.180,161,51954,1651680242342,1651680242390,619,0,5454799
172.16.40.127,172.16.40.180,161,51954,1651680242403,1651680242410,649,0,14980142
172.16.40.180,172.16.40.127,51954,161,1651680242410,1651680242416,646,0,14222382
172.16.40.180,172.16.40.115,51954,161,1651680242390,1651680242425,640,0,5513951
172.16.40.127,172.16.40.180,161,51954,1651680242418,1651680242425,647,0,14980142
172.16.40.180,172.16.40.127,51954,161,1651680242425,1651680242431,646,0,14222382
172.16.40.180,172.16.40.61,51954,161,1651680239845,1651680242436,1716,0,9194000
172.16.40.180,172.16.40.77,51954,161,1651680239430,1651680242441,2441,0,26691042
172.16.40.180,172.16.40.245,51954,161,1651680241578,1651680242449,1386,0,10782398
172.16.40.115,172.16.40.180,161,51954,1651680242427,1651680242454,628,0,5454799
172.16.40.127,172.16.40.180,161,51954,1651680242445,1651680242454,668,0,14980142
172.16.40.180,172.16.40.127,51954,161,1651680242455,1651680242461,656,0,14222382
172.16.40.127,172.16.40.180,161,51954,1651680242463,1651680242469,655,0,14980142
172.16.40.180,172.16.40.115,51954,161,1651680242454,1651680242473,626,0,5513951
172.16.40.180,172.16.40.127,51954,161,1651680242469,1651680242489,649,0,14222382
172.16.40.127,172.16.40.180,161,51954,1651680242491,1651680242497,654,0,14980142
172.16.40.115,172.16.40.180,161,51954,1651680242476,1651680242498,619,0,5454799
172.16.40.180,172.16.40.20,51954,161,1651680241839,1651680242503,666,0,14061818
172.16.40.78,172.16.40.180,161,51954,1651680242290,1651680242505,1815,0,13968534
172.16.40.180,172.16.40.49,51954,161,1651680241896,1651680242507,653,0,6413810
172.16.40.180,172.16.40.127,51954,161,1651680242503,1651680242509,648,0,14222382
172.16.40.127,172.16.40.180,161,51954,1651680242511,1651680242531,667,0,14980142
172.16.40.180,172.16.40.101,51954,161,1651680241378,1651680242537,668,0,26323621
172.16.40.233,172.16.40.180,161,51954,1651680238249,1651680242537,1861,0,4728252
172.16.40.180,172.16.40.127,51954,161,1651680242531,1651680242538,651,0,14222382
172.16.40.127,172.16.40.180,161,51954,1651680242541,1651680242547,656,0,14980142
172.16.40.180,172.16.40.115,51954,161,1651680242504,1651680242549,623,0,5513951
172.16.40.180,172.16.40.127,51954,161,1651680242548,1651680242569,652,0,14222382
172.16.40.127,172.16.40.180,161,51954,1651680242571,1651680242576,652,0,14980142
172.16.40.115,172.16.40.180,161,51954,1651680242552,1651680242580,618,0,5454799
172.16.40.121,172.16.40.180,161,51954,1651680240546,1651680242581,637,0,6551099
172.16.40.180,172.16.40.127,51954,161,1651680242576,1651680242582,651,0,14222382
172.16.40.127,172.16.40.180,161,51954,1651680242583,1651680242589,647,0,14980142
172.16.40.180,172.16.40.84,51954,161,1651680241393,1651680242600,1489,0,10458894
172.16.40.180,172.16.40.127,51954,161,1651680242589,1651680242613,668,0,14222382
172.16.40.180,172.16.40.115,51954,161,1651680242580,1651680242616,640,0,5513951
172.16.40.127,172.16.40.180,161,51954,1651680242615,1651680242620,656,0,14980142
172.16.40.180,172.16.40.127,51954,161,1651680242621,1651680242628,656,0,14222382
172.16.40.180,172.16.40.102,51954,161,1651680236868,1651680242635,1376,0,23560157
172.16.40.127,172.16.40.180,161,51954,1651680242630,1651680242650,647,0,14980142
172.16.40.115,172.16.40.180,161,51954,1651680242634,1651680242655,629,0,5454799
172.16.40.180,172.16.40.127,51954,161,1651680242650,1651680242655,652,0,14222382
172.16.40.127,172.16.40.180,161,51954,1651680242657,1651680242664,648,0,14980142
172.16.40.180,172.16.40.115,51954,161,1651680242655,1651680242667,620,0,5513951
172.16.40.180,172.16.40.127,51954,161,1651680242664,1651680242673,668,0,14222382
172.16.40.115,172.16.40.180,161,51954,1651680242670,1651680242679,619,0,5454799
172.16.40.180,172.16.40.115,51954,161,1651680242679,1651680242698,619,0,5513951
172.16.40.127,172.16.40.180,161,51954,1651680242691,1651680242701,657,0,14980142
172.16.40.180,172.16.40.127,51954,161,1651680242702,1651680242709,648,0,14222382
172.16.40.115,172.16.40.180,161,51954,1651680242700,1651680242711,618,0,5454799
172.16.40.68,172.16.40.180,161,51954,1651680237705,1651680242712,2410,0,6538148
172.16.40.180,172.16.40.115,51954,161,1651680242711,1651680242732,639,0,5513951
172.16.40.51,172.16.40.180,161,51954,1651680241839,1651680242738,1386,0,7010077
172.16.40.29,172.16.40.180,161,51954,1651680241501,1651680242739,1387,0,9848599
172.16.40.90,172.16.40.180,161,51954,1651680238554,1651680242743,2109,0,8437526
172.16.40.127,172.16.40.180,161,51954,1651680242711,1651680242745,647,0,14980142
172.16.40.115,172.16.40.180,161,51954,1651680242736,1651680242751,629,0,5454799
172.16.40.180,172.16.40.127,51954,161,1651680242745,1651680242764,647,0,14222382
172.16.40.180,172.16.40.115,51954,161,1651680242751,1651680242772,620,0,5513951
172.16.40.127,172.16.40.180,161,51954,1651680242767,1651680242773,646,0,14980142
172.16.40.180,172.16.40.127,51954,161,1651680242773,1651680242779,667,0,14222382
172.16.40.127,172.16.40.180,161,51954,1651680242781,1651680242786,657,0,14980142
172.16.40.115,172.16.40.180,161,51954,1651680242777,1651680242787,619,0,5454799
172.16.40.180,172.16.40.127,51954,161,1651680242786,1651680242805,648,0,14222382
172.16.40.180,172.16.40.115,51954,161,1651680242787,1651680242811,619,0,5513951
172.16.40.127,172.16.40.180,161,51954,1651680242808,1651680242814,647,0,14980142
172.16.40.180,172.16.40.127,51954,161,1651680242815,1651680242821,647,0,14222382
172.16.40.115,172.16.40.180,161,51954,1651680242814,1651680242825,619,0,5454799
172.16.40.127,172.16.40.180,161,51954,1651680242822,1651680242829,647,0,14980142
172.16.40.180,172.16.40.115,51954,161,1651680242825,1651680242834,618,0,5513951
172.16.40.180,172.16.40.239,51954,161,1651680242334,1651680242839,630,0,4675080
172.16.40.180,172.16.40.2,51954,161,1651680242437,1651680242841,1461,0,41211180
172.16.40.180,172.16.40.239,51954,161,1651680242839,1651680242842,637,0,4675080
172.16.40.48,172.16.40.180,161,51954,1651680238849,1651680242842,1384,0,6141158
172.16.40.88,172.16.40.180,161,51954,1651680238483,1651680242844,2234,0,9662693
172.16.40.180,172.16.40.127,51954,161,1651680242829,1651680242848,646,0,14222382
172.16.40.127,172.16.40.180,161,51954,1651680242850,1651680242856,670,0,14980142
172.16.40.180,172.16.40.127,51954,161,1651680242856,1651680242862,655,0,14222382
172.16.40.180,172.16.40.44,51954,161,1651680238844,1651680242866,1380,0,12566657
172.16.40.115,172.16.40.180,161,51954,1651680242842,1651680242867,644,0,5454799
172.16.40.180,172.16.40.28,51954,161,1651680241261,1651680242868,617,0,7355715
172.16.40.180,172.16.40.102,51954,161,1651680242635,1651680242876,661,0,23560157
172.16.40.127,172.16.40.180,161,51954,1651680242864,1651680242887,657,0,14980142
172.16.40.180,172.16.40.127,51954,161,1651680242887,1651680242894,646,0,14222382
172.16.40.127,172.16.40.180,161,51954,1651680242895,1651680242901,653,0,14980142
172.16.40.180,172.16.40.115,51954,161,1651680242869,1651680242901,624,0,5513951
172.16.40.180,172.16.40.127,51954,161,1651680242902,1651680242908,648,0,14222382
172.16.40.127,172.16.40.180,161,51954,1651680242909,1651680242929,668,0,14980142
172.16.40.115,172.16.40.180,161,51954,1651680242906,1651680242934,620,0,5454799
172.16.40.1,172.16.40.180,161,51954,1651680242367,1651680242941,2921,1,44875729
172.16.40.23,172.16.40.180,161,51954,1651680238475,1651680242942,1873,0,9229385
172.16.40.180,172.16.40.127,51954,161,1651680242929,1651680242944,656,0,14222382
172.16.40.127,172.16.40.180,161,51954,1651680242945,1651680242952,649,0,14980142
172.16.40.180,172.16.40.115,51954,161,1651680242934,1651680242954,620,0,5513951
172.16.40.180,172.16.40.127,51954,161,1651680242953,1651680242971,646,0,14222382
172.16.40.127,172.16.40.180,161,51954,1651680242973,1651680242979,648,0,14980142
172.16.40.115,172.16.40.180,161,51954,1651680242964,1651680242982,619,0,5454799
172.16.40.180,172.16.40.127,51954,161,1651680242979,1651680242986,646,0,14222382
172.16.40.180,172.16.40.115,51954,161,1651680242982,1651680242993,618,0,5513951
172.16.40.180,172.16.40.45,51954,161,1651680242867,1651680242997,686,0,13394578
172.16.40.127,172.16.40.180,161,51954,1651680242988,1651680243007,667,0,14980142
172.16.40.180,172.16.40.127,51954,161,1651680243008,1651680243014,651,0,14222382
172.16.40.127,172.16.40.180,161,51954,1651680243015,1651680243021,656,0,14980142
172.16.40.115,172.16.40.180,161,51954,1651680242996,1651680243023,640,0,5454799
172.16.40.180,172.16.40.127,51954,161,1651680243022,1651680243028,651,0,14222382
172.16.40.180,172.16.40.115,51954,161,1651680243023,1651680243035,628,0,5513951
172.16.40.127,172.16.40.180,161,51954,1651680243030,1651680243051,652,0,14980142
172.16.40.180,172.16.40.127,51954,161,1651680243051,1651680243057,651,0,14222382
172.16.40.115,172.16.40.180,161,51954,1651680243039,1651680243063,621,0,5454799
172.16.40.127,172.16.40.180,161,51954,1651680243060,1651680243066,647,0,14980142
172.16.40.180,172.16.40.24,51954,161,1651680241247,1651680243066,1208,0,6049117
172.16.40.180,172.16.40.115,51954,161,1651680243063,1651680243073,618,0,5513951
172.16.40.180,172.16.40.127,51954,161,1651680243066,1651680243085,668,0,14222382
172.16.40.127,172.16.40.180,161,51954,1651680243087,1651680243095,656,0,14980142
172.16.40.115,172.16.40.180,161,51954,1651680243076,1651680243101,620,0,5454799
172.16.40.180,172.16.40.127,51954,161,1651680243095,1651680243101,648,0,14222382
172.16.40.127,172.16.40.180,161,51954,1651680243103,1651680243109,647,0,14980142
172.16.40.180,172.16.40.115,51954,161,1651680243101,1651680243110,618,0,5513951
172.16.40.180,172.16.40.127,51954,161,1651680243109,1651680243133,646,0,14222382
172.16.40.180,172.16.40.96,51954,161,1651680240130,1651680243139,1720,0,7153504
172.16.40.64,172.16.40.180,161,51954,1651680240135,1651680243145,1761,0,6685014
172.16.40.127,172.16.40.180,161,51954,1651680243135,1651680243151,646,0,14980142
172.16.40.115,172.16.40.180,161,51954,1651680243114,1651680243152,639,0,5454799
172.16.40.180,172.16.40.127,51954,161,1651680243151,1651680243171,668,0,14222382
172.16.40.127,172.16.40.180,161,51954,1651680243172,1651680243178,657,0,14980142
172.16.40.180,172.16.40.115,51954,161,1651680243152,1651680243180,623,0,5513951
172.16.40.31,172.16.40.180,161,51954,1651680242198,1651680243185,2279,0,20529763
172.16.40.180,172.16.40.127,51954,161,1651680243179,1651680243188,654,0,14222382
172.16.40.180,172.16.40.31,51384,23,1651680243184,1651680243192,1435,0,2870
172.16.40.180,172.16.40.53,51954,161,1651680242437,1651680243199,2106,0,16497072
172.16.40.31,172.16.40.180,23,51384,1651680243194,1651680243199,1633,0,3380
172.16.40.127,172.16.40.180,161,51954,1651680243203,1651680243210,650,0,14980142
172.16.40.115,172.16.40.180,161,51954,1651680243182,1651680243216,626,0,5454799
172.16.40.180,172.16.40.127,51954,161,1651680243210,1651680243216,653,0,14222382
172.16.40.127,172.16.40.180,161,51954,1651680243218,1651680243224,648,0,14980142
172.16.40.180,172.16.40.127,51954,161,1651680243224,1651680243231,667,0,14222382
172.16.40.129,172.16.40.180,161,51954,1651680240101,1651680243250,2130,0,8514892
172.16.40.69,172.16.40.180,161,51954,1651680241233,1651680243250,2240,0,9691590
172.16.40.180,172.16.40.115,51954,161,1651680243216,1651680243253,618,0,5513951
172.16.40.127,172.16.40.180,161,51954,1651680243246,1651680243255,657,0,14980142
172.16.40.104,172.16.40.180,161,51954,1651680238567,1651680243256,2109,0,8698104
172.16.40.180,172.16.40.127,51954,161,1651680243255,1651680243261,650,0,14222382
172.16.40.127,172.16.40.180,161,51954,1651680243262,1651680243269,653,0,14980142
172.16.40.180,172.16.40.2,51954,161,1651680242841,1651680243277,2178,0,41211180
172.16.40.1,172.16.40.180,161,51954,1651680242945,1651680243280,1883,1,44875729
172.16.40.14,172.16.40.180,161,51954,1651680237425,1651680243280,1765,0,6755851
172.16.40.180,172.16.40.127,51954,161,1651680243281,1651680243293,651,0,14222382
172.16.40.115,172.16.40.180,161,51954,1651680243257,1651680243296,620,0,5454799
172.16.40.127,172.16.40.180,161,51954,1651680243297,1651680243303,652,0,14980142
172.16.40.180,172.16.40.127,51954,161,1651680243303,1651680243312,646,0,14222382
172.16.40.180,172.16.40.115,51954,161,1651680243296,1651680243313,618,0,5513951
172.16.40.127,172.16.40.180,161,51954,1651680243328,1651680243334,672,0,14980142
172.16.40.180,172.16.40.127,51954,161,1651680243334,1651680243340,652,0,14222382
172.16.40.115,172.16.40.180,161,51954,1651680243331,1651680243341,619,0,5454799
172.16.40.127,172.16.40.180,161,51954,1651680243342,1651680243348,648,0,14980142
172.16.40.180,172.16.40.115,51954,161,1651680243341,1651680243353,640,0,5513951
172.16.40.180,172.16.40.129,51954,161,1651680243344,1651680243363,615,0,8509521
172.16.40.180,172.16.40.127,51954,161,1651680243348,1651680243369,647,0,14222382
172.16.40.180,172.16.40.129,51954,161,1651680243363,1651680243375,679,0,8509521
172.16.40.127,172.16.40.180,161,51954,1651680243371,1651680243377,647,0,14980142
172.16.40.129,172.16.40.180,161,51954,1651680243375,1651680243378,645,0,8514892
172.16.40.129,172.16.40.180,161,51954,1651680243379,1651680243383,642,0,8514892
172.16.40.180,172.16.40.127,51954,161,1651680243378,1651680243384,645,0,14222382
172.16.40.127,172.16.40.180,161,51954,1651680243386,1651680243392,670,0,14980142
172.16.40.115,172.16.40.180,161,51954,1651680243375,1651680243392,628,0,5454799
172.16.40.180,172.16.40.129,51954,161,1651680243383,1651680243400,643,0,8509521
172.16.40.129,172.16.40.180,161,51954,1651680243403,1651680243407,648,0,8514892
172.16.40.180,172.16.40.127,51954,161,1651680243392,1651680243412,655,0,14222382
172.16.40.180,172.16.40.129,51954,161,1651680243407,1651680243412,647,0,8509521
172.16.40.180,172.16.40.129,51954,161,1651680243412,1651680243416,635,0,8509521
172.16.40.180,172.16.40.115,51954,161,1651680243392,1651680243419,620,0,5513951
172.16.40.127,172.16.40.180,161,51954,1651680243414,1651680243419,649,0,14980142
172.16.40.180,172.16.40.129,51954,161,1651680243417,1651680243420,643,0,8509521
172.16.40.180,172.16.40.127,51954,161,1651680243420,1651680243425,646,0,14222382
172.16.40.180,172.16.40.14,51954,161,1651680243280,1651680243437,1003,0,5568709
172.16.40.180,172.16.40.245,51954,161,1651680242697,1651680243439,999,0,10782398
172.16.40.127,172.16.40.180,161,51954,1651680243427,1651680243450,647,0,14980142
172.16.40.129,172.16.40.180,161,51954,1651680243436,1651680243456,652,0,8514892
172.16.40.180,172.16.40.127,51954,161,1651680243451,1651680243457,646,0,14222382
172.16.40.115,172.16.40.180,161,51954,1651680243422,1651680243464,619,0,5454799
172.16.40.127,172.16.40.180,161,51954,1651680243459,1651680243465,668,0,14980142
172.16.40.129,172.16.40.180,161,51954,1651680243456,1651680243484,632,0,8514892
172.16.40.180,172.16.40.127,51954,161,1651680243465,1651680243484,656,0,14222382
172.16.40.127,172.16.40.180,161,51954,1651680243487,1651680243493,649,0,14980142
172.16.40.180,172.16.40.115,51954,161,1651680243464,1651680243493,618,0,5513951
172.16.40.129,172.16.40.180,161,51954,1651680243484,1651680243495,638,0,8514892
172.16.40.1,172.16.40.180,161,51954,1651680243281,1651680243506,1097,1,44875729
172.16.40.2,172.16.40.180,161,51954,1651680243281,1651680243506,2311,0,44873554
172.16.40.180,172.16.40.127,51954,161,1651680243493,1651680243507,646,0,14222382
172.16.40.91,172.16.40.180,161,51954,1651680239881,1651680243507,2184,0,9198835
172.16.40.129,172.16.40.180,161,51954,1651680243498,1651680243520,644,0,8514892
172.16.40.127,172.16.40.180,161,51954,1651680243508,1651680243528,648,0,14980142
172.16.40.180,172.16.40.129,51954,161,1651680243520,1651680243529,622,0,8509521
172.16.40.115,172.16.40.180,161,51954,1651680243496,1651680243533,618,0,5454799
172.16.40.180,172.16.40.127,51954,161,1651680243528,1651680243534,646,0,14222382
172.16.40.180,172.16.40.129,51954,161,1651680243529,1651680243540,610,0,8509521
172.16.40.127,172.16.40.180,161,51954,1651680243536,1651680243545,667,0,14980142
172.16.40.180,172.16.40.127,51954,161,1651680243546,1651680243568,651,0,14222382
172.16.40.2,172.16.40.180,161,51954,1651680243507,1651680243569,663,0,44873554
172.16.40.127,172.16.40.180,161,51954,1651680243570,1651680243576,656,0,14980142
172.16.40.180,172.16.40.115,51954,161,1651680243533,1651680243577,640,0,5513951
172.16.40.129,172.16.40.180,161,51954,1651680243559,1651680243580,622,0,8514892
172.16.40.180,172.16.40.127,51954,161,1651680243576,1651680243583,653,0,14222382
172.16.40.127,172.16.40.180,161,51954,1651680243584,1651680243591,651,0,14980142
172.16.40.180,172.16.40.127,51954,161,1651680243591,1651680243610,651,0,14222382
172.16.40.36,172.16.40.180,161,51954,1651680241777,1651680243610,661,0,9949602
172.16.40.115,172.16.40.180,161,51954,1651680243580,1651680243610,629,0,5454799
172.16.40.180,172.16.40.129,51954,161,1651680243581,1651680243610,617,0,8509521
172.16.40.127,172.16.40.180,161,51954,1651680243612,1651680243618,647,0,14980142
172.16.40.180,172.16.40.127,51954,161,1651680243618,1651680243624,668,0,14222382
172.16.40.180,172.16.40.124,51954,161,1651680240630,1651680243637,637,0,311962
172.16.40.180,172.16.40.115,51954,161,1651680243610,1651680243637,620,0,5513951
172.16.40.127,172.16.40.180,161,51954,1651680243626,1651680243646,656,0,14980142
172.16.40.129,172.16.40.180,161,51954,1651680243613,1651680243646,618,0,8514892
172.16.40.180,172.16.40.127,51954,161,1651680243647,1651680243653,657,0,14222382
172.16.40.127,172.16.40.180,161,51954,1651680243655,1651680243661,647,0,14980142
172.16.40.180,172.16.40.127,51954,161,1651680243661,1651680243667,653,0,14222382
172.16.40.115,172.16.40.180,161,51954,1651680243646,1651680243671,619,0,5454799
172.16.40.127,172.16.40.180,161,51954,1651680243669,1651680243688,648,0,14980142
172.16.40.180,172.16.40.129,51954,161,1651680243647,1651680243688,612,0,8509521
172.16.40.180,172.16.40.127,51954,161,1651680243688,1651680243696,668,0,14222382
172.16.40.127,172.16.40.180,161,51954,1651680243697,1651680243705,657,0,14980142
172.16.40.180,172.16.40.115,51954,161,1651680243671,1651680243716,619,0,5513951
172.16.40.129,172.16.40.180,161,51954,1651680243699,1651680243728,617,0,8514892
172.16.40.180,172.16.40.127,51954,161,1651680243706,1651680243743,653,0,14222382
172.16.40.115,172.16.40.180,161,51954,1651680243720,1651680243744,618,0,5454799
172.16.40.180,172.16.40.129,51954,161,1651680243728,1651680243760,610,0,8509521
172.16.40.127,172.16.40.180,161,51954,1651680243746,1651680243767,650,0,14980142
172.16.40.180,172.16.40.115,51954,161,1651680243744,1651680243772,639,0,5513951
172.16.40.180,172.16.40.127,51954,161,1651680243768,1651680243774,654,0,14222382
172.16.40.127,172.16.40.180,161,51954,1651680243775,1651680243781,648,0,14980142
172.16.40.180,172.16.40.127,51954,161,1651680243781,1651680243787,667,0,14222382
172.16.40.115,172.16.40.180,161,51954,1651680243775,1651680243792,629,0,5454799
172.16.40.127,172.16.40.180,161,51954,1651680243789,1651680243808,657,0,14980142
172.16.40.129,172.16.40.180,161,51954,1651680243771,1651680243812,630,0,8514892
172.16.40.180,172.16.40.127,51954,161,1651680243808,1651680243814,648,0,14222382
172.16.40.180,172.16.40.115,51954,161,1651680243792,1651680243820,620,0,5513951
172.16.40.127,172.16.40.180,161,51954,1651680243816,1651680243822,647,0,14980142
172.16.40.180,172.16.40.127,51954,161,1651680243822,1651680243829,647,0,14222382
172.16.40.99,172.16.40.180,161,51954,1651680241842,1651680243844,665,0,11035254
172.16.40.2,172.16.40.180,161,51954,1651680243570,1651680243845,671,0,44873554
172.16.40.180,172.16.40.129,51954,161,1651680243813,1651680243851,618,0,8509521
172.16.40.127,172.16.40.180,161,51954,1651680243845,1651680243852,647,0,14980142
172.16.40.180,172.16.40.127,51954,161,1651680243852,1651680243858,646,0,14222382
172.16.40.115,172.16.40.180,161,51954,1651680243825,1651680243859,619,0,5454799
172.16.40.127,172.16.40.180,161,51954,1651680243860,1651680243866,672,0,14980142
172.16.40.180,172.16.40.115,51954,161,1651680243859,1651680243884,623,0,5513951
172.16.40.180,172.16.40.127,51954,161,1651680243866,1651680243887,652,0,14222382
172.16.40.127,172.16.40.180,161,51954,1651680243888,1651680243894,648,0,14980142
172.16.40.129,172.16.40.180,161,51954,1651680243872,1651680243895,621,0,8514892
172.16.40.180,172.16.40.127,51954,161,1651680243895,1651680243902,651,0,14222382
172.16.40.115,172.16.40.180,161,51954,1651680243890,1651680243902,621,0,5454799
172.16.40.180,172.16.40.127,51954,161,1651680243902,1651680243906,665,0,14222382
172.16.40.180,172.16.40.30,51954,161,1651680242536,1651680243915,661,0,14410737
172.16.40.180,172.16.40.129,51954,161,1651680243895,1651680243919,618,0,8509521
172.16.40.180,172.16.40.127,51954,161,1651680243906,1651680243926,646,0,14222382
172.16.40.127,172.16.40.180,161,51954,1651680243928,1651680243933,647,0,14980142
172.16.40.180,172.16.40.115,51954,161,1651680243902,1651680243934,618,0,5513951
172.16.40.180,172.16.40.228,51954,161,1651680241996,1651680243944,999,0,4317292
172.16.40.180,172.16.40.127,51954,161,1651680243934,1651680243947,670,0,14222382
172.16.40.129,172.16.40.180,161,51954,1651680243934,1651680243963,619,0,8514892
172.16.40.127,172.16.40.180,161,51954,1651680243948,1651680243967,657,0,14980142
172.16.40.115,172.16.40.180,161,51954,1651680243939,1651680243970,644,0,5454799
172.16.40.180,172.16.40.127,51954,161,1651680243967,1651680243973,655,0,14222382
172.16.40.180,172.16.40.129,51954,161,1651680243964,1651680243974,618,0,8509521
172.16.40.180,172.16.40.115,51954,161,1651680243970,1651680243980,624,0,5513951
172.16.40.127,172.16.40.180,161,51954,1651680243975,1651680243981,647,0,14980142
172.16.40.180,172.16.40.127,51954,161,1651680243981,1651680243987,653,0,14222382
172.16.40.129,172.16.40.180,161,51954,1651680243977,1651680244004,633,0,8514892
172.16.40.127,172.16.40.180,161,51954,1651680243989,1651680244009,646,0,14980142
172.16.40.180,172.16.40.127,51954,161,1651680244009,1651680244015,670,0,14222382
172.16.40.127,172.16.40.180,161,51954,1651680244017,1651680244023,658,0,14980142
172.16.40.115,172.16.40.180,161,51954,1651680243983,1651680244029,620,0,5454799
172.16.40.180,172.16.40.127,51954,161,1651680244023,1651680244029,648,0,14222382
172.16.40.180,172.16.40.129,51954,161,1651680244004,1651680244033,617,0,8509521
172.16.40.180,172.16.40.115,51954,161,1651680244029,1651680244044,619,0,5513951
172.16.40.127,172.16.40.180,161,51954,1651680244031,1651680244051,647,0,14980142
172.16.40.129,172.16.40.180,161,51954,1651680244035,1651680244052,622,0,8514892
172.16.40.180,172.16.40.127,51954,161,1651680244051,1651680244057,647,0,14222382
172.16.40.127,172.16.40.180,161,51954,1651680244059,1651680244065,646,0,14980142
172.16.40.115,172.16.40.180,161,51954,1651680244051,1651680244068,619,0,5454799
172.16.40.180,172.16.40.129,51954,161,1651680244052,1651680244072,616,0,8509521
172.16.40.180,172.16.40.127,51954,161,1651680244065,1651680244086,666,0,14222382
172.16.40.127,172.16.40.180,161,51954,1651680244088,1651680244094,657,0,14980142
172.16.40.129,172.16.40.180,161,51954,1651680244076,1651680244099,616,0,8514892
172.16.40.180,172.16.40.127,51954,161,1651680244094,1651680244100,650,0,14222382
172.16.40.180,172.16.40.115,51954,161,1651680244070,1651680244102,617,0,5513951
172.16.40.127,172.16.40.180,161,51954,1651680244102,1651680244108,653,0,14980142
172.16.40.180,172.16.40.127,51954,161,1651680244108,1651680244129,650,0,14222382
172.16.40.180,172.16.40.129,51954,161,1651680244099,1651680244132,616,0,8509521
172.16.40.115,172.16.40.180,161,51954,1651680244106,1651680244132,642,0,5454799
172.16.40.127,172.16.40.180,161,51954,1651680244131,1651680244137,653,0,14980142
172.16.40.180,172.16.40.55,51954,161,1651680240945,1651680244139,1718,0,8538354
172.16.40.2,172.16.40.180,161,51954,1651680243846,1651680244143,1459,0,44873554
172.16.40.180,172.16.40.127,51954,161,1651680244137,1651680244147,646,0,14222382
172.16.40.180,172.16.40.58,51954,161,1651680241138,1651680244155,1374,0,6527665
172.16.40.129,172.16.40.180,161,51954,1651680244157,1651680244169,632,0,8514892
172.16.40.180,172.16.40.115,51954,161,1651680244132,1651680244171,627,0,5513951
172.16.40.115,172.16.40.180,161,51954,1651680244183,1651680244197,622,0,5454799
172.16.40.180,172.16.40.129,51954,161,1651680244170,1651680244199,618,0,8509521
172.16.40.127,172.16.40.180,161,51954,1651680244149,1651680244211,671,0,14980142
172.16.40.180,172.16.40.127,51954,161,1651680244211,1651680244218,652,0,14222382
172.16.40.127,172.16.40.180,161,51954,1651680244219,1651680244226,648,0,14980142
172.16.40.180,172.16.40.115,51954,161,1651680244198,1651680244236,618,0,5513951
172.16.40.180,172.16.40.127,51954,161,1651680244226,1651680244251,647,0,14222382
172.16.40.127,172.16.40.180,161,51954,1651680244252,1651680244259,647,0,14980142
172.16.40.129,172.16.40.180,161,51954,1651680244208,1651680244265,622,0,8514892
172.16.40.180,172.16.40.127,51954,161,1651680244259,1651680244265,645,0,14222382
172.16.40.53,172.16.40.180,161,51954,1651680243201,1651680244271,1386,0,16331871
172.16.40.1,172.16.40.180,161,51954,1651680243514,1651680244281,2946,1,44875729
172.16.40.127,172.16.40.180,161,51954,1651680244267,1651680244286,669,0,14980142
172.16.40.180,172.16.40.127,51954,161,1651680244286,1651680244292,655,0,14222382
172.16.40.180,172.16.40.129,51954,161,1651680244265,1651680244293,616,0,8509521
172.16.40.115,172.16.40.180,161,51954,1651680244265,1651680244296,625,0,5454799
172.16.40.127,172.16.40.180,161,51954,1651680244293,1651680244299,657,0,14980142
172.16.40.180,172.16.40.127,51954,161,1651680244299,1651680244306,646,0,14222382
172.16.40.180,172.16.40.115,51954,161,1651680244296,1651680244320,618,0,5513951
172.16.40.129,172.16.40.180,161,51954,1651680244296,1651680244339,616,0,8514892
172.16.40.127,172.16.40.180,161,51954,1651680244337,1651680244344,654,0,14980142
172.16.40.180,172.16.40.45,51954,161,1651680242998,1651680244349,1562,0,13394578
172.16.40.115,172.16.40.180,161,51954,1651680244336,1651680244359,640,0,5454799
172.16.40.180,172.16.40.127,51954,161,1651680244344,1651680244367,647,0,14222382
172.16.40.180,172.16.40.34,51954,161,1651680241264,1651680244370,1344,0,9841467
172.16.40.180,172.16.40.145,51954,161,1651680236469,1651680244370,639,0,6122273
172.16.40.127,172.16.40.180,161,51954,1651680244368,1651680244375,667,0,14980142
172.16.40.180,172.16.40.145,51954,161,1651680244370,1651680244375,703,0,6122273
172.16.40.180,172.16.40.145,51954,161,1651680244375,1651680244379,674,0,6122273
172.16.40.180,172.16.40.127,51954,161,1651680244375,1651680244381,656,0,14222382
172.16.40.145,172.16.40.180,161,51954,1651680244380,1651680244383,668,0,6135027
172.16.40.180,172.16.40.145,51954,161,1651680244383,1651680244387,663,0,6122273
172.16.40.127,172.16.40.180,161,51954,1651680244383,1651680244389,655,0,14980142
172.16.40.145,172.16.40.180,161,51954,1651680244387,1651680244390,674,0,6135027
172.16.40.180,172.16.40.115,51954,161,1651680244359,1651680244391,628,0,5513951
172.16.40.180,172.16.40.129,51954,161,1651680244339,1651680244393,616,0,8509521
172.16.40.145,172.16.40.180,161,51954,1651680244392,1651680244395,673,0,6135027
172.16.40.180,172.16.40.145,51954,161,1651680244395,1651680244399,665,0,6122273
172.16.40.145,172.16.40.180,161,51954,1651680244401,1651680244405,671,0,6135027
172.16.40.180,172.16.40.127,51954,161,1651680244389,1651680244408,648,0,14222382
172.16.40.127,172.16.40.180,161,51954,1651680244410,1651680244416,654,0,14980142
172.16.40.180,172.16.40.145,51954,161,1651680244405,1651680244417,657,0,6122273
172.16.40.180,172.16.40.127,51954,161,1651680244416,1651680244422,646,0,14222382
172.16.40.145,172.16.40.180,161,51954,1651680244418,1651680244423,651,0,6135027
172.16.40.115,172.16.40.180,161,51954,1651680244394,1651680244424,621,0,5454799
172.16.40.129,172.16.40.180,161,51954,1651680244396,1651680244424,618,0,8514892
172.16.40.127,172.16.40.180,161,51954,1651680244423,1651680244430,666,0,14980142
172.16.40.145,172.16.40.180,161,51954,1651680244424,1651680244430,640,0,6135027
172.16.40.180,172.16.40.145,51954,161,1651680244430,1651680244435,638,0,6122273
172.16.40.180,172.16.40.115,51954,161,1651680244424,1651680244448,618,0,5513951
172.16.40.180,172.16.40.129,51954,161,1651680244424,1651680244453,639,0,8509521
172.16.40.180,172.16.40.127,51954,161,1651680244430,1651680244453,651,0,14222382
172.16.40.145,172.16.40.180,161,51954,1651680244437,1651680244456,650,0,6135027
172.16.40.180,172.16.40.145,51954,161,1651680244456,1651680244461,645,0,6122273
172.16.40.127,172.16.40.180,161,51954,1651680244455,1651680244461,654,0,14980142
172.16.40.180,172.16.40.127,51954,161,1651680244461,1651680244467,646,0,14222382
172.16.40.145,172.16.40.180,161,51954,1651680244464,1651680244469,646,0,6135027
172.16.40.180,172.16.40.145,51954,161,1651680244469,1651680244475,640,0,6122273
172.16.40.129,172.16.40.180,161,51954,1651680244456,1651680244480,628,0,8514892
172.16.40.145,172.16.40.180,161,51954,1651680244476,1651680244481,645,0,6135027
172.16.40.180,172.16.40.23,51954,161,1651680242942,1651680244486,1031,0,8869688
172.16.40.127,172.16.40.180,161,51954,1651680244469,1651680244488,648,0,14980142
172.16.40.180,172.16.40.29,51954,161,1651680243844,1651680244489,661,0,9049349
172.16.40.180,172.16.40.6,51954,161,1651680242366,1651680244490,667,0,9667864
172.16.40.180,172.16.40.3,51954,161,1651680242256,1651680244491,1383,0,12764273
172.16.40.63,172.16.40.180,161,51954,1651680240485,1651680244492,2091,0,14591294
172.16.40.180,172.16.40.145,51954,161,1651680244481,1651680244493,638,0,6122273
172.16.40.180,172.16.40.88,51954,161,1651680243844,1651680244496,666,0,8440856
172.16.40.83,172.16.40.180,161,51954,1651680240949,1651680244496,2103,0,6365345
172.16.40.115,172.16.40.180,161,51954,1651680244456,1651680244496,620,0,5454799
172.16.40.180,172.16.40.127,51954,161,1651680244492,1651680244498,646,0,14222382
172.16.40.41,172.16.40.180,161,51954,1651680241839,1651680244500,1879,0,10605116
172.16.40.145,172.16.40.180,161,51954,1651680244497,1651680244505,658,0,6135027
172.16.40.127,172.16.40.180,161,51954,1651680244499,1651680244505,647,0,14980142
172.16.40.180,172.16.40.127,51954,161,1651680244505,1651680244511,667,0,14222382
172.16.40.180,172.16.40.145,51954,161,1651680244505,1651680244513,646,0,6122273
172.16.40.145,172.16.40.180,161,51954,1651680244515,1651680244523,649,0,6135027
172.16.40.180,172.16.40.129,51954,161,1651680244480,1651680244532,620,0,8509521
172.16.40.127,172.16.40.180,161,51954,1651680244526,1651680244532,656,0,14980142
172.16.40.180,172.16.40.127,51954,161,1651680244532,1651680244538,656,0,14222382
172.16.40.180,172.16.40.145,51954,161,1651680244523,1651680244539,646,0,6122273
172.16.40.77,172.16.40.180,161,51954,1651680242444,1651680244541,1048,0,26877897
172.16.40.180,172.16.40.115,51954,161,1651680244498,1651680244543,618,0,5513951
172.16.40.127,172.16.40.180,161,51954,1651680244540,1651680244546,647,0,14980142
172.16.40.145,172.16.40.180,161,51954,1651680244541,1651680244549,647,0,6135027
172.16.40.180,172.16.40.145,51954,161,1651680244549,1651680244556,646,0,6122273
172.16.40.129,172.16.40.180,161,51954,1651680244535,1651680244560,619,0,8514892
172.16.40.180,172.16.40.127,51954,161,1651680244546,1651680244567,653,0,14222382
172.16.40.180,172.16.40.129,51954,161,1651680244560,1651680244569,618,0,8509521
172.16.40.180,172.16.40.2,51954,161,1651680244491,1651680244570,668,0,41211180
172.16.40.115,172.16.40.180,161,51954,1651680244552,1651680244572,639,0,5454799
172.16.40.180,172.16.40.29,51954,161,1651680244491,1651680244573,665,0,9049349
172.16.40.145,172.16.40.180,161,51954,1651680244558,1651680244574,661,0,6135027
172.16.40.180,172.16.40.2,51954,161,1651680244571,1651680244574,664,0,41211180
172.16.40.127,172.16.40.180,161,51954,1651680244570,1651680244576,648,0,14980142
172.16.40.180,172.16.40.145,51954,161,1651680244574,1651680244580,645,0,6122273
172.16.40.129,172.16.40.180,161,51954,1651680244572,1651680244581,618,0,8514892
172.16.40.180,172.16.40.127,51954,161,1651680244577,1651680244582,667,0,14222382
172.16.40.180,172.16.40.115,51954,161,1651680244572,1651680244583,623,0,5513951
172.16.40.145,172.16.40.180,161,51954,1651680244582,1651680244587,647,0,6135027
172.16.40.127,172.16.40.180,161,51954,1651680244584,1651680244590,657,0,14980142
172.16.40.180,172.16.40.145,51954,161,1651680244587,1651680244591,644,0,6122273
172.16.40.115,172.16.40.180,161,51954,1651680244586,1651680244595,626,0,5454799
172.16.40.180,172.16.40.129,51954,161,1651680244582,1651680244598,639,0,8509521
172.16.40.145,172.16.40.180,161,51954,1651680244594,1651680244599,644,0,6135027
172.16.40.180,172.16.40.145,51954,161,1651680244599,1651680244605,644,0,6122273
172.16.40.180,172.16.40.127,51954,161,1651680244590,1651680244609,648,0,14222382
172.16.40.127,172.16.40.180,161,51954,1651680244611,1651680244617,647,0,14980142
172.16.40.145,172.16.40.180,161,51954,1651680244615,1651680244620,660,0,6135027
172.16.40.180,172.16.40.127,51954,161,1651680244617,1651680244623,647,0,14222382
172.16.40.180,172.16.40.145,51954,161,1651680244621,1651680244626,646,0,6122273
172.16.40.180,172.16.40.115,51954,161,1651680244595,1651680244628,618,0,5513951
172.16.40.145,172.16.40.180,161,51954,1651680244627,1651680244632,647,0,6135027
172.16.40.129,172.16.40.180,161,51954,1651680244606,1651680244634,629,0,8514892
172.16.40.180,172.16.40.145,51954,161,1651680244632,1651680244638,644,0,6122273
172.16.40.127,172.16.40.180,161,51954,1651680244624,1651680244643,646,0,14980142
172.16.40.180,172.16.40.129,51954,161,1651680244635,1651680244644,620,0,8509521
172.16.40.180,172.16.40.127,51954,161,1651680244643,1651680244650,666,0,14222382
172.16.40.115,172.16.40.180,161,51954,1651680244631,1651680244652,624,0,5454799
172.16.40.145,172.16.40.180,161,51954,1651680244640,1651680244654,644,0,6135027
172.16.40.127,172.16.40.180,161,51954,1651680244652,1651680244658,657,0,14980142
172.16.40.180,172.16.40.145,51954,161,1651680244654,1651680244660,644,0,6122273
172.16.40.180,172.16.40.115,51954,161,1651680244652,1651680244663,620,0,5513951
172.16.40.180,172.16.40.127,51954,161,1651680244658,1651680244664,648,0,14222382
172.16.40.145,172.16.40.180,161,51954,1651680244662,1651680244668,646,0,6135027
172.16.40.127,172.16.40.180,161,51954,1651680244666,1651680244672,647,0,14980142
172.16.40.129,172.16.40.180,161,51954,1651680244654,1651680244674,619,0,8514892
172.16.40.180,172.16.40.145,51954,161,1651680244668,1651680244675,667,0,6122273
172.16.40.115,172.16.40.180,161,51954,1651680244666,1651680244678,619,0,5454799
172.16.40.145,172.16.40.180,161,51954,1651680244676,1651680244683,656,0,6135027
172.16.40.180,172.16.40.129,51954,161,1651680244675,1651680244688,619,0,8509521
172.16.40.180,172.16.40.127,51954,161,1651680244672,1651680244691,647,0,14222382
172.16.40.180,172.16.40.145,51954,161,1651680244683,1651680244697,652,0,6122273
172.16.40.127,172.16.40.180,161,51954,1651680244693,1651680244699,647,0,14980142
172.16.40.180,172.16.40.1,51954,161,1651680244701,1651680244703,672,1,44874052
172.16.40.145,172.16.40.180,161,51954,1651680244698,1651680244704,647,0,6135027
172.16.40.180,172.16.40.115,51954,161,1651680244678,1651680244704,640,0,5513951
172.16.40.180,172.16.40.127,51954,161,1651680244699,1651680244704,646,0,14222382
172.16.40.180,172.16.40.145,51954,161,1651680244704,1651680244709,651,0,6122273
172.16.40.145,172.16.40.180,161,51954,1651680244711,1651680244716,646,0,6135027
172.16.40.180,172.16.40.145,51954,161,1651680244716,1651680244722,667,0,6122273
172.16.40.129,172.16.40.180,161,51954,1651680244691,1651680244724,618,0,8514892
172.16.40.180,172.16.40.129,51954,161,1651680244724,1651680244733,638,0,8509521
172.16.40.115,172.16.40.180,161,51954,1651680244717,1651680244736,628,0,5454799
